3414 5176
1603 587 1692 655 89

607 818 897 893 nificatio
947 814 1126 888 vocis
1176 818 1316 899 est,
1368 834 1521 882 cum
1573 811 1895 906 accipitur
1944 832 2059 905 pro
2109 831 2186 880 eo
2237 811 2515 907 scripto,
2571 834 2699 906 quo

609 977 977 1074 explicatur
998 1030 1014 1063 ‚
1083 973 1234 1059 ubi,
1296 969 1594 1066 quando,
1654 970 1980 1065 quomodo
2028 976 2096 1042 et
2145 994 2273 1065 quo
2323 976 2563 1045 eventu
2614 973 2703 1044 fa·

609 1139 765 1211 bula
814 1136 1035 1231 aliqua
1082 1132 1281 1206 fuerit
1331 1137 1497 1203 acta.
1578 1130 1716 1202 Hae
1765 1130 2300 1204 circumstantiae
2341 1138 2410 1202 et
2450 1131 2700 1204 similes

610 1296 716 1370 his
765 1294 1172 1368 necessariae
1231 1297 1389 1364 sunt
1449 1291 1531 1362 ad
1591 1297 1841 1362 rectam
1893 1297 1959 1362 et
2011 1292 2273 1386 plenam
2324 1290 2706 1364 dramatico·

614 1480 762 1529 rum
828 1461 1170 1553 poetarum
1227 1451 1774 1547 intelligentiam:
1839 1452 1974 1523 imo
2039 1473 2193 1522 vero
2250 1452 2342 1550 'ad
2391 1451 2707 1549 capienda

617 1622 794 1689 recte
842 1614 1155 1687 historiae
1205 1611 1489 1685 Graecae
1554 1619 1868 1707 tempora.
1973 1610 2124 1681 Ideo
2173 1633 2303 1682 non
2355 1613 2588 1686 leviter
2636 1614 2706 1683 in

610 1762 737 1846 hac
785 1779 971 1870 parte
1040 1772 1404 1844 doctissimi
1470 1777 1770 1845 veterum
1822 1769 2003 1844 fuere
2079 1773 2382 1868 occupati
2443 1774 2554 1868 qui
2607 1797 2711 1844 su-

611 1956 727 2030 per
776 1932 903 2004 hoc
952 1931 1153 2003 libros
1204 1933 1450 2003 multos
1508 1932 2075 2027 conscripserunt:
2130 1931 2368 2025 quibus
2418 1938 2485 2001 et
2552 1932 2711 2028 ipsis

612 2115 853 2165 nomen
920 2115 958 2164 e
1024 2114 1095 2162 re
1160 2090 1576 2162 indiderunt:
1642 2097 2062 2163 Διδασκαλίαι
2124 2100 2239 2164 aut
2289 2098 2423 2180 περὶ
2490 2097 2716 2165 Διδκσ·

612 2258 916 2327 κοιλιῶν.”

711 2413 784 2484 In
850 2412 957 2484 his
1033 2410 1400 2484 Casauboni
1477 2410 1689 2483 verbis
1765 2410 2008 2483 frustra
2076 2412 2452 2505 quaerimus
2511 2411 2714 2484 talem

615 2573 1121 2648 didascaliarum
1188 2573 1509 2645 rationem
1534 2627 1549 2658 ,
1618 2571 1881 2667 qualem
1948 2598 1985 2644 e
2052 2573 2333 2670 publicis
2398 2573 2710 2647 victoriae

614 2737 1058 2806 monumentis
1118 2734 1353 2829 aliquis
1419 2739 1774 2829 exspectet.
1857 2732 2097 2806 Contra
2157 2733 2582 2806 Casaubonus
2631 2732 2713 2805 de

618 2897 1200 2990 grammaticorum
1242 2893 1534 2987 loquitur
1576 2894 1875 2989 scriptiS‚
1919 2919 2087 2989 quae
2130 2896 2347 2989 egisse
2387 2895 2594 2967 credit
2635 2893 2717 2965 de

616 3059 837 3128 nescio
903 3057 1141 3150 quihus
1209 3055 1578 3126 fabularum
1646 3054 1715 3123 in
1783 3021 2046 3125 scenam
2115 3051 2534 3126 inductarum
2594 3054 2713 3124 cir-

618 3216 1066 3287 cumstantiis:
1147 3220 1213 3283 et
1293 3215 1360 3283 in
1428 3214 1549 3300 iis,
1633 3236 1802 3308 quae
1878 3219 2276 3307 sequuntur,
2354 3214 2714 3286 multorum

636 3434 1024 3445 u—--——.-

618 3575 743 3626 haec
773 3575 927 3624 verba
963 3574 1050 3634 iis,
1084 3588 1213 3638 quae
1246 3573 1527 3623 afferimus:
1566 3570 1734 3632 nQuid
1769 3572 1919 3635 igitur
1965 3578 2040 3622 est
2085 3569 2462 3623 διδασκαλίαῖ
2507 3572 2713 3624 Duobus

619 3673 782 3722 modis
813 3672 941 3722 haec
972 3686 1077 3720 vox
1110 3671 1164 3719 in
1198 3670 1293 3719 hae
1326 3684 1381 3719 re
1412 3670 1568 3732 accipi
1602 3669 1754 3718 soletz
1791 3668 2050 3728 Primum,
2073 3687 2173 3735 pro
2198 3670 2390 3721 actione
2422 3671 2538 3737 ipsa
2559 3673 2715 3737 fabu-

621 3766 727 3827 lae,
762 3776 809 3816 et
843 3768 1077 3827 editione,
1111 3780 1240 3832 quae
1272 3767 1454 3816 dicitur
1487 3767 1638 3816 etiam
1674 3764 1919 3822 κάθεσις.
1987 3766 2245 3819 Ranarum
2272 3769 2541 3834 interpres:
2583 3768 2710 3817 ηΑἰ-

622 3862 819 3924 δυμος,
856 3862 942 3913 ὅτι
992 3864 1055 3915 οὐ
1102 3864 1418 3932 περιέχουσι
1462 3863 1716 3913 θάνατον
1750 3862 1997 3933 Δαρείου
2049 3863 2103 3913 οἱ
2151 3862 2366 3934 Πέρσαι
2400 3866 2464 3915 ’τὸ
2497 3865 2708 3933 δρᾶμα·

627 3961 715 4010 διὸ
749 3959 894 4019 ‘cuke
928 3962 1124 4021 διττὰς
1155 3962 1372 4029 θέσεις,
1411 3960 1666 4012 τουτέστι
1700 3962 2097 4030 διδασκαλίας,
2131 3963 2241 4013 τῶν
2274 3962 2440 4023 pao?
2472 3969 2565 4013 etc.
2615 3960 2716 4011 Du·

624 4060 773 4110 bitari
806 4064 970 4123 potest
983 4099 997 4121 ,
1030 4077 1096 4111 an
1131 4061 1398 4111 scholiasta
1431 4067 1564 4111 recte
1584 4062 1895 4125 perspexerit
1926 4061 2124 4111 fabulae
2158 4062 2366 4111 aetionis
2383 4066 2529 4124 atque
2561 4059 2720 4110 didas·

621 4157 777 4206 caliae
827 4157 1055 4207 notiones
1104 4172 1303 4219 revera,
1356 4159 1410 4208 ni
1445 4158 1616 4217 fallor,
1669 4157 1904 4206 diversas.
1975 4155 2033 4205 Si
2085 4156 2251 4206 fabula
2292 4158 2369 4205 bis
2414 4156 2466 4205 in
2519 4169 2720 4206 scenam

622 4254 979 4312 inducebatur,
1014 4255 1143 4304 duae
1171 4271 1367 4320 qnoque
1404 4255 1668 4306 exstabant
1702 4252 2028 4312 didascalum,
2064 4255 2196 4305 unde
2231 4255 2454 4307 nondum
2472 4255 2717 4319 sequitur,

623 4353 832 4404 candem
865 4351 1017 4402 fuisse
1050 4351 1229 4400 horum
1264 4353 1616 4402 vocabulorum
1656 4349 2087 4414 significationem.
