3414 5176
1723 550 1808 619 76

723 780 1028 856 docuisse
1086 800 1515 875 quaecunque
1583 735 1933 848 histriones
2016 783 2323 871 agerent,
2401 776 2809 851 chorodidas-

721 940 946 1013 calum
1011 941 1235 1010 contra
1283 958 1736 1032 quaecumque
1794 931 2034 1006 chorus
2081 940 2382 1022 caneret,
2443 959 2527 1006 an
2593 937 2810 1033 potius

726 1102 988 1193 poetam
1038 1094 1338 1167 docuisse
1386 1098 1658 1189 partem
1689 1091 1950 1164 fabulae
1972 1146 1988 1178 ,
2037 1113 2208 1186 quae
2256 1091 2325 1164 in
2368 1093 2625 1190 dialogo
2672 1117 2812 1166 ver·

727 1261 940 1343 satur,
979 1252 1517 1329 chorodascalum
1552 1257 1807 1349 partem
1840 1252 2163 1348 lyricam?
2212 1250 2536 1324 Neutrum
2576 1253 2811 1326 horum

728 1411 1084 1487 verisimile
1134 1411 1442 1506 cuiquam
1496 1408 1844 1482 videbitur.
1948 1407 2118 1491 Fieri
2170 1409 2346 1481 enim
2387 1411 2571 1483 nulio
2622 1409 2814 1482 modo

725 1576 982 1668 potest,
1049 1573 1164 1655 ut,
1247 1588 1418 1661 quae
1481 1566 1551 1637 in
1616 1568 1760 1664 ipso
1826 1566 2120 1638 dramate
2206 1573 2340 1638 tam
2417 1576 2594 1640 arcte
2669 1591 2817 1640 con-

725 1729 1207 1828 jungebantur,
1243 1749 1359 1822 pro
1401 1724 1666 1798 arbitrio
1706 1727 2004 1824 sejuncta
2046 1727 2181 1797 sint
2215 1729 2283 1799 in
2320 1727 2628 1801 docendis
2655 1729 2820 1800 ludi·

731 1891 965 1964 onibus
1015 1895 1083 1961 et
1133 1888 1482 1960 choreutis.
1586 1885 1824 1959 Omnia
1872 1887 2038 1960 haec
2086 1888 2280 1984 plane
2331 1888 2571 1962 absona
2622 1896 2820 1986 atque

731 2050 1013 2124 absurda
1063 2049 1388 2122 videntur.

832 2211 1018 2282 Unde
1071 2230 1220 2282 vero
1269 2207 1518 2280 factum
1576 2215 1709 2298 est,
1762 2218 1838 2282 ut
1888 2232 2191 2283 summus
2235 2212 2330 2283 vir
2373 2210 2527 2283 talia
2570 2213 2822 2308 excogi-

736 2372 941 2463 tarit‘?
1015 2368 1356 2454 Quaenam
1419 2368 1689 2440 tandem
1757 2378 1859 2441 est
1925 2395 2157 2459 causa,
2226 2397 2343 2444 our
2402 2359 2656 2444 tantam
2705 2372 2822 2443 im·

733 2527 978 2628 pendat
1042 2549 1346 2624 operam,
1412 2531 1489 2597 ut
1549 2525 1819 2622 probet,
1889 2535 2151 2624 poetam
2199 2527 2594 2601 histrionum
2644 2553 2825 2626 prae·

737 2698 1067 2787 ceptorem
1116 2686 1658 2780 distinguendum
1710 2711 1855 2761 esse
1906 2714 1945 2761 a
1995 2686 2173 2760 chori
2226 2688 2590 2784 magistro?

738 2921 742 2926 .
833 2847 1068 2921 Facilis
1142 2869 1221 2918 ea
1309 2869 1414 2917 res
1506 2847 1767 2920 videtur
1847 2850 2213 2946 explicatu:
2301 2873 2535 2946 nempe
2624 2874 2827 2946 penes

739 3016 999 3110 poetam
1063 3007 1542 3081 commissionis
1617 2985 1918 3083 scenicae
1978 3034 2306 3082 summam
2356 3010 2559 3084 fuisse
2609 3001 2828 3083 existi·

741 3177 898 3243 mat.
1002 3165 1222 3253 Quum
1272 3189 1427 3240 vero
1476 3191 1607 3239 non
1657 3168 1955 3263 ignoret,
2006 3168 2188 3240 chori
2237 3169 2632 3264 magistrum
2681 3168 2830 3242 cho-

741 3327 884 3424 ragi
936 3325 1311 3397 auctoritati
1361 3322 1564 3396 fuisse
1607 3326 2014 3422 subjectum,
2065 3350 2279 3422 neque
2322 3328 2391 3398 in
2433 3326 2831 3398 commissio-

743 3486 848 3556 nis
914 3481 1406 3580 praeparatione
1472 3504 1684 3577 neque
1751 3484 1819 3553 in
1869 3483 2143 3556 victoria
2217 3483 2461 3578 primas
2539 3483 2829 3554 tenuisse

745 3650 1004 3740 parteS,
1072 3663 1341 3715 necesse
1409 3649 1548 3713 erat
1614 3644 1674 3714 ei
1727 3650 2065 3741 statuere,
2134 3653 2393 3742 poetam
2454 3644 2831 3716 certaminis

748 3807 950 3900 caput
998 3801 1124 3872 alio
1165 3800 1468 3874 functum
1519 3826 1663 3875 esse
1713 3830 1986 3879 munere
2038 3830 2115 3879 ao
2163 3807 2342 3879 chori
2393 3804 2582 3876 illum
2632 3807 2834 3900 magi-

751 3972 1000 4049 strum,
1053 3962 1226 4057 quod
1276 3986 1519 4036 munus
1568 3989 1695 4036 non
1751 3967 1953 4039 fuisse
2005 3967 2222 4054 aliud,
2274 3965 2401 4036 nisi
2440 3966 2833 4038 histrionum

753 4125 1225 4219 praeceptoris,
1280 4125 1390 4219 qui
1457 4126 1723 4223 choragi
1794 4130 2166 4200 auctoritati
2219 4129 2458 4226 quippe
2533 4150 2700 4222 quae
2752 4127 2833 4197 ad

754 4278 1024 4353 chorum
1077 4290 1334 4357 tantum
1387 4286 1778 4380 pertineret,
1833 4311 1961 4360 non
2015 4288 2211 4360 fuerit
2263 4288 2596 4360 obnoxius.
