<?xml version="1.0" encoding="UTF-8"?>
<!DOCTYPE html PUBLIC "-//W3C//DTD XHTML 1.0 Transitional//EN"
    "http://www.w3.org/TR/xhtml1/DTD/xhtml1-transitional.dtd">
<html xmlns="http://www.w3.org/1999/xhtml" xml:lang="en" lang="en">
 <head>
  <title>
</title>
<meta http-equiv="Content-Type" content="text/html;charset=utf-8" />
  <meta name='ocr-system' content='tesseract 3.04.00' />
  <meta name='ocr-capabilities' content='ocr_page ocr_carea ocr_par ocr_line ocrx_word'/>
</head>
<body>
  <div class='ocr_page' id='page_1' title='image "./quaestionesscen00brilgoog_0047.png"; bbox 0 0 3414 5176; ppageno 0'>
   <div class='ocr_carea' id='block_1_1' title="bbox 1593 544 1684 613">
    <p class='ocr_par' dir='ltr' id='par_1_1' title="bbox 1593 544 1684 613">
     <span class='ocr_line' id='line_1_1' title="bbox 1593 544 1684 613; baseline 0 0"><span class='ocrx_word' id='word_1_1' title='bbox 1593 544 1684 613; x_wconf 87' lang='lat'><strong>35</strong></span> 
     </span>
    </p>
   </div>
   <div class='ocr_carea' id='block_1_2' title="bbox 575 768 2687 3023">
    <p class='ocr_par' dir='ltr' id='par_1_2' title="bbox 577 768 2687 1614">
     <span class='ocr_line' id='line_1_2' title="bbox 577 768 2685 865; baseline 0 -22"><span class='ocrx_word' id='word_1_2' title='bbox 577 773 927 843; x_wconf 82' lang='lat' dir='ltr'><strong>Praeterea</strong></span> <span class='ocrx_word' id='word_1_3' title='bbox 1001 768 1181 863; x_wconf 76' lang='lat' dir='ltr'><strong>haec⁴</strong></span> <span class='ocrx_word' id='word_1_4' title='bbox 1230 770 1337 841; x_wconf 88' lang='lat' dir='ltr'><strong>via</strong></span> <span class='ocrx_word' id='word_1_5' title='bbox 1405 777 1545 840; x_wconf 88' lang='lat' dir='ltr'><strong>erat</strong></span> <span class='ocrx_word' id='word_1_6' title='bbox 1622 791 1819 841; x_wconf 89' lang='lat' dir='ltr'><strong>aurae</strong></span> <span class='ocrx_word' id='word_1_7' title='bbox 1888 769 2217 864; x_wconf 88' lang='lat' dir='ltr'><strong>popularis</strong></span> <span class='ocrx_word' id='word_1_8' title='bbox 2291 770 2685 865; x_wconf 76' lang='lat' dir='ltr'>captandae,</span> 
     </span>
     <span class='ocr_line' id='line_1_3' title="bbox 578 922 2687 1021; baseline -0.001 -21"><span class='ocrx_word' id='word_1_9' title='bbox 578 948 780 1021; x_wconf 90' lang='lat' dir='ltr'><strong>quam</strong></span> <span class='ocrx_word' id='word_1_10' title='bbox 838 922 1135 995; x_wconf 89' lang='lat' dir='ltr'><strong>homines</strong></span> <span class='ocrx_word' id='word_1_11' title='bbox 1194 923 1442 1017; x_wconf 83' lang='lat' dir='ltr'><strong>gloriae</strong></span> <span class='ocrx_word' id='word_1_12' title='bbox 1509 922 1690 995; x_wconf 87' lang='lat' dir='ltr'><strong>ducti</strong></span> <span class='ocrx_word' id='word_1_13' title='bbox 1750 923 2057 1019; x_wconf 89' lang='lat' dir='ltr'><strong>cupidine</strong></span> <span class='ocrx_word' id='word_1_14' title='bbox 2114 945 2527 1019; x_wconf 86' lang='lat' dir='ltr'><strong>nequaquam</strong></span> <span class='ocrx_word' id='word_1_15' title='bbox 2577 949 2687 997; x_wconf 89' lang='lat' dir='ltr'><strong>ne·</strong></span> 
     </span>
     <span class='ocr_line' id='line_1_4' title="bbox 583 1075 2681 1175; baseline 0 -24"><span class='ocrx_word' id='word_1_16' title='bbox 583 1080 828 1175; x_wconf 81' lang='lat' dir='ltr'><strong>gligere</strong></span> <span class='ocrx_word' id='word_1_17' title='bbox 894 1075 1213 1149; x_wconf 88' lang='lat' dir='ltr'><strong>solebant.</strong></span> <span class='ocrx_word' id='word_1_18' title='bbox 1316 1076 1751 1149; x_wconf 81' lang='lat' dir='ltr'><strong>Athenienses</strong></span> <span class='ocrx_word' id='word_1_19' title='bbox 1825 1077 2002 1149; x_wconf 90' lang='lat' dir='ltr'><strong>enim</strong></span> <span class='ocrx_word' id='word_1_20' title='bbox 2019 1133 2035 1164; x_wconf 91' lang='lat'><strong>,</strong></span> <span class='ocrx_word' id='word_1_21' title='bbox 2096 1076 2403 1151; x_wconf 89' lang='lat' dir='ltr'><strong>ludorum</strong></span> <span class='ocrx_word' id='word_1_22' title='bbox 2462 1102 2681 1152; x_wconf 90' lang='lat' dir='ltr'><strong>amore</strong></span> 
     </span>
     <span class='ocr_line' id='line_1_5' title="bbox 580 1231 2684 1328; baseline -0.001 -21"><span class='ocrx_word' id='word_1_23' title='bbox 580 1232 891 1328; x_wconf 86' lang='lat' dir='ltr'><strong>correpti,</strong></span> <span class='ocrx_word' id='word_1_24' title='bbox 952 1231 1200 1317; x_wconf 89' lang='lat' dir='ltr'><strong>virum,</strong></span> <span class='ocrx_word' id='word_1_25' title='bbox 1245 1254 1283 1303; x_wconf 88' lang='lat' dir='ltr'><strong>a</strong></span> <span class='ocrx_word' id='word_1_26' title='bbox 1324 1254 1454 1327; x_wconf 89' lang='lat' dir='ltr'><strong>quo</strong></span> <span class='ocrx_word' id='word_1_27' title='bbox 1490 1232 1854 1304; x_wconf 87' lang='lat' dir='ltr'><strong>certamina</strong></span> <span class='ocrx_word' id='word_1_28' title='bbox 1895 1231 2158 1303; x_wconf 89' lang='lat' dir='ltr'><strong>scenica</strong></span> <span class='ocrx_word' id='word_1_29' title='bbox 2206 1232 2490 1304; x_wconf 83' lang='lat' dir='ltr'><strong>maxime</strong></span> <span class='ocrx_word' id='word_1_30' title='bbox 2537 1233 2684 1306; x_wconf 92' lang='lat' dir='ltr'><strong>illu-</strong></span> 
     </span>
     <span class='ocr_line' id='line_1_6' title="bbox 580 1385 2685 1482; baseline -0.001 -23"><span class='ocrx_word' id='word_1_31' title='bbox 580 1393 786 1459; x_wconf 90' lang='lat' dir='ltr'><strong>strata</strong></span> <span class='ocrx_word' id='word_1_32' title='bbox 859 1391 1112 1472; x_wconf 86' lang='lat' dir='ltr'><strong>essent,</strong></span> <span class='ocrx_word' id='word_1_33' title='bbox 1178 1392 1437 1482; x_wconf 86' lang='lat' dir='ltr'><strong>praeter</strong></span> <span class='ocrx_word' id='word_1_34' title='bbox 1510 1387 1855 1459; x_wconf 88' lang='lat' dir='ltr'><strong>victoriam</strong></span> <span class='ocrx_word' id='word_1_35' title='bbox 1923 1385 2230 1458; x_wconf 90' lang='lat' dir='ltr'><strong>omnihus</strong></span> <span class='ocrx_word' id='word_1_36' title='bbox 2295 1386 2364 1457; x_wconf 89' lang='lat' dir='ltr'><strong>in</strong></span> <span class='ocrx_word' id='word_1_37' title='bbox 2417 1386 2685 1459; x_wconf 90' lang='lat' dir='ltr'><strong>civitate</strong></span> 
     </span>
     <span class='ocr_line' id='line_1_7' title="bbox 580 1540 1737 1614; baseline -0.001 -2"><span class='ocrx_word' id='word_1_38' title='bbox 580 1540 934 1614; x_wconf 83' lang='lat' dir='ltr'>honoribus</span> <span class='ocrx_word' id='word_1_39' title='bbox 977 1541 1378 1611; x_wconf 85' lang='lat' dir='ltr'><strong>remunerari</strong></span> <span class='ocrx_word' id='word_1_40' title='bbox 1423 1540 1737 1613; x_wconf 88' lang='lat' dir='ltr'><strong>solebant.</strong></span> 
     </span>
    </p>

    <p class='ocr_par' dir='ltr' id='par_1_3' title="bbox 575 1691 2683 2099">
     <span class='ocr_line' id='line_1_8' title="bbox 673 1691 2683 1792; baseline 0 -27"><span class='ocrx_word' id='word_1_41' title='bbox 673 1694 820 1765; x_wconf 92' lang='lat' dir='ltr'><strong>Non</strong></span> <span class='ocrx_word' id='word_1_42' title='bbox 870 1716 1023 1766; x_wconf 90' lang='lat' dir='ltr'><strong>vero</strong></span> <span class='ocrx_word' id='word_1_43' title='bbox 1072 1693 1512 1767; x_wconf 87' lang='lat' dir='ltr'><strong>omittendum</strong></span> <span class='ocrx_word' id='word_1_44' title='bbox 1562 1702 1665 1767; x_wconf 92' lang='lat' dir='ltr'><strong>est</strong></span> <span class='ocrx_word' id='word_1_45' title='bbox 1716 1697 1894 1768; x_wconf 90' lang='lat' dir='ltr'><strong>aliud</strong></span> <span class='ocrx_word' id='word_1_46' title='bbox 1960 1694 2151 1792; x_wconf 90' lang='lat' dir='ltr'><strong>quid,</strong></span> <span class='ocrx_word' id='word_1_47' title='bbox 2203 1691 2376 1791; x_wconf 91' lang='lat' dir='ltr'><strong>quod</strong></span> <span class='ocrx_word' id='word_1_48' title='bbox 2426 1700 2683 1789; x_wconf 91' lang='lat' dir='ltr'><strong>praeter</strong></span> 
     </span>
     <span class='ocr_line' id='line_1_9' title="bbox 575 1846 2682 1952; baseline -0.001 -30"><span class='ocrx_word' id='word_1_49' title='bbox 575 1874 683 1938; x_wconf 89' lang='lat' dir='ltr'><strong>ea,</strong></span> <span class='ocrx_word' id='word_1_50' title='bbox 711 1872 878 1952; x_wconf 91' lang='lat' dir='ltr'><strong>quae</strong></span> <span class='ocrx_word' id='word_1_51' title='bbox 908 1849 1047 1944; x_wconf 84' lang='lat' dir='ltr'><strong>jam</strong></span> <span class='ocrx_word' id='word_1_52' title='bbox 1072 1851 1768 1938; x_wconf 77' lang='lat' dir='ltr'><strong>commemoravimus,</strong></span> <span class='ocrx_word' id='word_1_53' title='bbox 1805 1849 2188 1944; x_wconf 78' lang='lat' dir='ltr'><strong>choi-agiam</strong></span> <span class='ocrx_word' id='word_1_54' title='bbox 2215 1846 2468 1921; x_wconf 89' lang='lat' dir='ltr'><strong>civibus</strong></span> <span class='ocrx_word' id='word_1_55' title='bbox 2501 1871 2682 1944; x_wconf 84' lang='lat' dir='ltr'><strong>mag·</strong></span> 
     </span>
     <span class='ocr_line' id='line_1_10' title="bbox 579 2002 1387 2099; baseline -0.002 -24"><span class='ocrx_word' id='word_1_56' title='bbox 579 2026 817 2099; x_wconf 88' lang='lat' dir='ltr'><strong>nopere</strong></span> <span class='ocrx_word' id='word_1_57' title='bbox 866 2002 1387 2075; x_wconf 77' lang='lat' dir='ltr'><strong>commendabat.</strong></span> 
     </span>
    </p>

    <p class='ocr_par' dir='ltr' id='par_1_4' title="bbox 578 2153 2682 3023">
     <span class='ocr_line' id='line_1_11' title="bbox 677 2153 2681 2251; baseline 0 -25"><span class='ocrx_word' id='word_1_58' title='bbox 677 2153 747 2226; x_wconf 90' lang='lat' dir='ltr'><strong>Si</strong></span> <span class='ocrx_word' id='word_1_59' title='bbox 815 2157 1193 2251; x_wconf 85' lang='lat' dir='ltr'><strong>quaerimus</strong></span> <span class='ocrx_word' id='word_1_60' title='bbox 1215 2210 1233 2243; x_wconf 92' lang='lat'><strong>,</strong></span> <span class='ocrx_word' id='word_1_61' title='bbox 1283 2180 1482 2251; x_wconf 92' lang='lat' dir='ltr'><strong>quam</strong></span> <span class='ocrx_word' id='word_1_62' title='bbox 1548 2158 1629 2230; x_wconf 88' lang='lat' dir='ltr'><strong>oh</strong></span> <span class='ocrx_word' id='word_1_63' title='bbox 1696 2182 1837 2230; x_wconf 89' lang='lat' dir='ltr'><strong>rem</strong></span> <span class='ocrx_word' id='word_1_64' title='bbox 1904 2158 2144 2231; x_wconf 89' lang='lat' dir='ltr'><strong>chorus</strong></span> <span class='ocrx_word' id='word_1_65' title='bbox 2204 2157 2548 2227; x_wconf 80' lang='lat' dir='ltr'><strong>sisteretur</strong></span> <span class='ocrx_word' id='word_1_66' title='bbox 2613 2164 2681 2227; x_wconf 91' lang='lat' dir='ltr'><strong>et</strong></span> 
     </span>
     <span class='ocr_line' id='line_1_12' title="bbox 584 2308 2677 2401; baseline 0 -20"><span class='ocrx_word' id='word_1_67' title='bbox 584 2311 870 2382; x_wconf 83' lang='lat' dir='ltr'><strong>maxima</strong></span> <span class='ocrx_word' id='word_1_68' title='bbox 919 2332 1081 2382; x_wconf 86' lang='lat' dir='ltr'><strong>cura</strong></span> <span class='ocrx_word' id='word_1_69' title='bbox 1130 2317 1543 2383; x_wconf 76' lang='lat' dir='ltr'><strong>exerceretur</strong></span> <span class='ocrx_word' id='word_1_70' title='bbox 1565 2367 1581 2399; x_wconf 93' lang='lat'><strong>,</strong></span> <span class='ocrx_word' id='word_1_71' title='bbox 1634 2312 1759 2384; x_wconf 91' lang='lat' dir='ltr'><strong>hoc</strong></span> <span class='ocrx_word' id='word_1_72' title='bbox 1807 2319 1980 2401; x_wconf 83' lang='lat' dir='ltr'><strong>erat,</strong></span> <span class='ocrx_word' id='word_1_73' title='bbox 2030 2318 2105 2384; x_wconf 89' lang='lat' dir='ltr'><strong>ut</strong></span> <span class='ocrx_word' id='word_1_74' title='bbox 2154 2311 2223 2381; x_wconf 92' lang='lat' dir='ltr'><strong>in</strong></span> <span class='ocrx_word' id='word_1_75' title='bbox 2273 2308 2677 2382; x_wconf 83' lang='lat' dir='ltr'><strong>orchestram</strong></span> 
     </span>
     <span class='ocr_line' id='line_1_13' title="bbox 585 2463 2677 2561; baseline 0.001 -28"><span class='ocrx_word' id='word_1_76' title='bbox 585 2463 873 2560; x_wconf 89' lang='lat' dir='ltr'><strong>prodiret</strong></span> <span class='ocrx_word' id='word_1_77' title='bbox 937 2464 1006 2534; x_wconf 89' lang='lat' dir='ltr'><strong>in</strong></span> <span class='ocrx_word' id='word_1_78' title='bbox 1081 2463 1393 2535; x_wconf 89' lang='lat' dir='ltr'><strong>honorem</strong></span> <span class='ocrx_word' id='word_1_79' title='bbox 1468 2464 1611 2552; x_wconf 89' lang='lat' dir='ltr'><strong>dei,</strong></span> <span class='ocrx_word' id='word_1_80' title='bbox 1680 2466 1819 2538; x_wconf 91' lang='lat' dir='ltr'><strong>sive</strong></span> <span class='ocrx_word' id='word_1_81' title='bbox 1893 2464 2201 2561; x_wconf 84' lang='lat' dir='ltr'><strong>Dionysi,</strong></span> <span class='ocrx_word' id='word_1_82' title='bbox 2267 2464 2406 2538; x_wconf 87' lang='lat' dir='ltr'><strong>sive</strong></span> <span class='ocrx_word' id='word_1_83' title='bbox 2475 2464 2677 2551; x_wconf 75' lang='lat' dir='ltr'><strong>aliuS,</strong></span> 
     </span>
     <span class='ocr_line' id='line_1_14' title="bbox 580 2617 2682 2714; baseline -0 -24"><span class='ocrx_word' id='word_1_84' title='bbox 580 2620 769 2713; x_wconf 85' lang='lat' dir='ltr'><strong>cujus</strong></span> <span class='ocrx_word' id='word_1_85' title='bbox 835 2640 1023 2689; x_wconf 87' lang='lat' dir='ltr'><strong>sacra</strong></span> <span class='ocrx_word' id='word_1_86' title='bbox 1097 2638 1328 2689; x_wconf 86' lang='lat' dir='ltr'><strong>ornare</strong></span> <span class='ocrx_word' id='word_1_87' title='bbox 1395 2625 1592 2714; x_wconf 90' lang='lat' dir='ltr'><strong>atque</strong></span> <span class='ocrx_word' id='word_1_88' title='bbox 1673 2619 2004 2692; x_wconf 88' lang='lat' dir='ltr'><strong>illustrare</strong></span> <span class='ocrx_word' id='word_1_89' title='bbox 2088 2617 2305 2691; x_wconf 89' lang='lat' dir='ltr'><strong>choris</strong></span> <span class='ocrx_word' id='word_1_90' title='bbox 2380 2618 2682 2713; x_wconf 89' lang='lat' dir='ltr'><strong>inprimis</strong></span> 
     </span>
     <span class='ocr_line' id='line_1_15' title="bbox 578 2771 2682 2869; baseline -0 -23"><span class='ocrx_word' id='word_1_91' title='bbox 578 2771 965 2846; x_wconf 89' lang='lat' dir='ltr'><strong>mandatum</strong></span> <span class='ocrx_word' id='word_1_92' title='bbox 1015 2777 1186 2841; x_wconf 89' lang='lat' dir='ltr'><strong>erat:</strong></span> <span class='ocrx_word' id='word_1_93' title='bbox 1240 2795 1482 2844; x_wconf 91' lang='lat' dir='ltr'><strong>munus</strong></span> <span class='ocrx_word' id='word_1_94' title='bbox 1531 2775 1739 2869; x_wconf 81' lang='lat' dir='ltr'><strong>igitur</strong></span> <span class='ocrx_word' id='word_1_95' title='bbox 1788 2780 1932 2845; x_wconf 93' lang='lat' dir='ltr'><strong>tum</strong></span> <span class='ocrx_word' id='word_1_96' title='bbox 1984 2772 2292 2867; x_wconf 83' lang='lat' dir='ltr'><strong>choragi,</strong></span> <span class='ocrx_word' id='word_1_97' title='bbox 2346 2779 2491 2845; x_wconf 89' lang='lat' dir='ltr'><strong>tum</strong></span> <span class='ocrx_word' id='word_1_98' title='bbox 2533 2773 2682 2845; x_wconf 89' lang='lat' dir='ltr'><strong>cho-</strong></span> 
     </span>
     <span class='ocr_line' id='line_1_16' title="bbox 578 2925 2680 3023; baseline 0 -26"><span class='ocrx_word' id='word_1_99' title='bbox 578 2933 917 2999; x_wconf 89' lang='lat' dir='ltr'><strong>reutarum</strong></span> <span class='ocrx_word' id='word_1_100' title='bbox 966 2948 1098 2997; x_wconf 89' lang='lat' dir='ltr'><strong>non</strong></span> <span class='ocrx_word' id='word_1_101' title='bbox 1150 2931 1411 2998; x_wconf 85' lang='lat' dir='ltr'><strong>tantum</strong></span> <span class='ocrx_word' id='word_1_102' title='bbox 1462 2926 1736 3023; x_wconf 84' lang='lat' dir='ltr'><strong>liturgia</strong></span> <span class='ocrx_word' id='word_1_103' title='bbox 1786 2935 1958 3015; x_wconf 86' lang='lat' dir='ltr'><strong>erat,</strong></span> <span class='ocrx_word' id='word_1_104' title='bbox 2011 2925 2130 2998; x_wconf 90' lang='lat' dir='ltr'><strong>sed</strong></span> <span class='ocrx_word' id='word_1_105' title='bbox 2180 2925 2263 2997; x_wconf 89' lang='lat' dir='ltr'><strong>ad</strong></span> <span class='ocrx_word' id='word_1_106' title='bbox 2312 2948 2418 2996; x_wconf 86' lang='lat' dir='ltr'><strong>res</strong></span> <span class='ocrx_word' id='word_1_107' title='bbox 2460 2949 2680 2998; x_wconf 89' lang='lat' dir='ltr'><strong>sacras</strong></span> 
     </span>
    </p>
   </div>
   <div class='ocr_carea' id='block_1_3' title="bbox 579 3079 2684 3176">
    <p class='ocr_par' dir='ltr' id='par_1_5' title="bbox 579 3079 2684 3176">
     <span class='ocr_line' id='line_1_17' title="bbox 579 3079 2684 3176; baseline -0.003 -21"><span class='ocrx_word' id='word_1_108' title='bbox 579 3083 967 3175; x_wconf 84' lang='lat' dir='ltr'><strong>cultumque</strong></span> <span class='ocrx_word' id='word_1_109' title='bbox 1017 3079 1318 3152; x_wconf 89' lang='lat' dir='ltr'><strong>divinum</strong></span> <span class='ocrx_word' id='word_1_110' title='bbox 1368 3102 1628 3176; x_wconf 90' lang='lat' dir='ltr'><strong>quoque</strong></span> <span class='ocrx_word' id='word_1_111' title='bbox 1679 3079 2087 3175; x_wconf 88' lang='lat' dir='ltr'><strong>pertinebat,</strong></span> <span class='ocrx_word' id='word_1_112' title='bbox 2150 3079 2338 3171; x_wconf 88' lang='lat' dir='ltr'><strong>quasi</strong></span> <span class='ocrx_word' id='word_1_113' title='bbox 2390 3079 2684 3149; x_wconf 86' lang='lat' dir='ltr'><strong>sacerdo-</strong></span> 
     </span>
    </p>
   </div>
   <div class='ocr_carea' id='block_1_4' title="bbox 588 3232 2790 3331">
    <p class='ocr_par' dir='ltr' id='par_1_6' title="bbox 588 3232 2790 3331">
     <span class='ocr_line' id='line_1_18' title="bbox 588 3232 2790 3331; baseline 0.002 -27"><span class='ocrx_word' id='word_1_114' title='bbox 588 3235 791 3321; x_wconf 83' lang='lat' dir='ltr'><strong>tium,</strong></span> <span class='ocrx_word' id='word_1_115' title='bbox 858 3257 990 3304; x_wconf 88' lang='lat' dir='ltr'><strong>non</strong></span> <span class='ocrx_word' id='word_1_116' title='bbox 1068 3256 1220 3305; x_wconf 91' lang='lat' dir='ltr'><strong>vero</strong></span> <span class='ocrx_word' id='word_1_117' title='bbox 1287 3239 1681 3329; x_wconf 89' lang='lat' dir='ltr'><strong>perpetuum</strong></span> <span class='ocrx_word' id='word_1_118' title='bbox 1750 3232 1864 3303; x_wconf 90' lang='lat' dir='ltr'><strong>sed</strong></span> <span class='ocrx_word' id='word_1_119' title='bbox 1931 3235 2398 3329; x_wconf 90' lang='lat' dir='ltr'><strong>temporarium</strong></span> <span class='ocrx_word' id='word_1_120' title='bbox 2422 3288 2439 3321; x_wconf 95' lang='lat'><strong>,</strong></span> <span class='ocrx_word' id='word_1_121' title='bbox 2513 3258 2643 3331; x_wconf 93' lang='lat' dir='ltr'><strong>quo</strong></span> <span class='ocrx_word' id='word_1_122' title='bbox 2665 3292 2681 3323; x_wconf 91' lang='lat'><strong>,</strong></span> <span class='ocrx_word' id='word_1_123' title='bbox 2778 3295 2790 3308; x_wconf 90' lang='lat'><em>.</em></span> 
     </span>
    </p>
   </div>
   <div class='ocr_carea' id='block_1_5' title="bbox 583 3385 2684 3484">
    <p class='ocr_par' dir='ltr' id='par_1_7' title="bbox 583 3385 2684 3484">
     <span class='ocr_line' id='line_1_19' title="bbox 583 3385 2684 3484; baseline -0.001 -23"><span class='ocrx_word' id='word_1_124' title='bbox 583 3388 896 3484; x_wconf 89' lang='lat' dir='ltr'><strong>quamdiu</strong></span> <span class='ocrx_word' id='word_1_125' title='bbox 975 3385 1254 3459; x_wconf 87' lang='lat' dir='ltr'><strong>durabat</strong></span> <span class='ocrx_word' id='word_1_126' title='bbox 1328 3386 1655 3481; x_wconf 79' lang='lat' dir='ltr'><strong>dignitaS,</strong></span> <span class='ocrx_word' id='word_1_127' title='bbox 1734 3386 2059 3482; x_wconf 83' lang='lat' dir='ltr'><strong>choragus</strong></span> <span class='ocrx_word' id='word_1_128' title='bbox 2152 3411 2336 3460; x_wconf 91' lang='lat' dir='ltr'><strong>sacer</strong></span> <span class='ocrx_word' id='word_1_129' title='bbox 2401 3395 2541 3459; x_wconf 89' lang='lat' dir='ltr'><strong>erat</strong></span> <span class='ocrx_word' id='word_1_130' title='bbox 2616 3398 2684 3459; x_wconf 88' lang='lat' dir='ltr'><strong>et</strong></span> 
     </span>
    </p>
   </div>
   <div class='ocr_carea' id='block_1_6' title="bbox 583 3547 1061 3618">
    <p class='ocr_par' dir='ltr' id='par_1_8' title="bbox 583 3547 1061 3618">
     <span class='ocr_line' id='line_1_20' title="bbox 583 3547 1061 3618; baseline -0.017 0"><span class='ocrx_word' id='word_1_131' title='bbox 583 3547 1061 3618; x_wconf 86' lang='lat' dir='ltr'><strong>sacrosanctus.</strong></span> 
     </span>
    </p>
   </div>
   <div class='ocr_carea' id='block_1_7' title="bbox 585 3666 2686 3947">
    <p class='ocr_par' dir='ltr' id='par_1_9' title="bbox 585 3666 2686 3947">
     <span class='ocr_line' id='line_1_21' title="bbox 680 3666 2686 3792; baseline 0 -25"><span class='ocrx_word' id='word_1_132' title='bbox 680 3695 1155 3770; x_wconf 89' lang='lat' dir='ltr'><strong>Demosthenes</strong></span> <span class='ocrx_word' id='word_1_133' title='bbox 1222 3695 1291 3765; x_wconf 91' lang='lat' dir='ltr'><strong>in</strong></span> <span class='ocrx_word' id='word_1_134' title='bbox 1373 3693 1660 3765; x_wconf 88' lang='lat' dir='ltr'><strong>Midiana</strong></span> <span class='ocrx_word' id='word_1_135' title='bbox 1720 3693 1919 3790; x_wconf 83' lang='lat' dir='ltr'><strong>hujus</strong></span> <span class='ocrx_word' id='word_1_136' title='bbox 1983 3666 2077 3764; x_wconf 76' lang='lat' dir='ltr'><strong>rei</strong></span> <span class='ocrx_word' id='word_1_137' title='bbox 2143 3696 2440 3792; x_wconf 88' lang='lat' dir='ltr'><strong>exempla</strong></span> <span class='ocrx_word' id='word_1_138' title='bbox 2499 3696 2686 3769; x_wconf 86' lang='lat' dir='ltr'><strong>affert</strong></span> 
     </span>
     <span class='ocr_line' id='line_1_22' title="bbox 585 3847 2684 3947; baseline 0 -27"><span class='ocrx_word' id='word_1_139' title='bbox 585 3851 866 3922; x_wconf 84' lang='lat' dir='ltr'><strong>maxime</strong></span> <span class='ocrx_word' id='word_1_140' title='bbox 915 3848 1302 3945; x_wconf 89' lang='lat' dir='ltr'><strong>perspicua,</strong></span> <span class='ocrx_word' id='word_1_141' title='bbox 1356 3847 1790 3921; x_wconf 88' lang='lat' dir='ltr'><strong>Athenienses</strong></span> <span class='ocrx_word' id='word_1_142' title='bbox 1831 3848 1956 3922; x_wconf 92' lang='lat' dir='ltr'><strong>hoc</strong></span> <span class='ocrx_word' id='word_1_143' title='bbox 1996 3849 2188 3921; x_wconf 88' lang='lat' dir='ltr'><strong>modo</strong></span> <span class='ocrx_word' id='word_1_144' title='bbox 2225 3852 2563 3947; x_wconf 90' lang='lat' dir='ltr'><strong>alloquens</strong></span> <span class='ocrx_word' id='word_1_145' title='bbox 2600 3850 2684 3941; x_wconf 89' lang='lat'><strong>¹):</strong></span> 
     </span>
    </p>
   </div>
   <div class='ocr_carea' id='block_1_8' title="bbox 584 4005 2688 4091">
    <p class='ocr_par' dir='ltr' id='par_1_10' title="bbox 584 4005 2688 4091">
     <span class='ocr_line' id='line_1_23' title="bbox 584 4005 2688 4091; baseline 0 -17"><span class='ocrx_word' id='word_1_146' title='bbox 584 4010 760 4075; x_wconf 79' lang='grc' dir='ltr'><em>»ἴστε</em></span> <span class='ocrx_word' id='word_1_147' title='bbox 793 4011 917 4089; x_wconf 71' lang='grc' dir='ltr'><strong>γὰρ</strong></span> <span class='ocrx_word' id='word_1_148' title='bbox 955 4010 1143 4087; x_wconf 73' lang='grc' dir='ltr'><strong><em>δήπου</em></strong></span> <span class='ocrx_word' id='word_1_149' title='bbox 1183 4008 1396 4087; x_wconf 69' lang='grc' dir='ltr'>τοῦθ’,</span> <span class='ocrx_word' id='word_1_150' title='bbox 1437 4005 1528 4074; x_wconf 72' lang='grc' dir='ltr'><strong>ὅτι</strong></span> <span class='ocrx_word' id='word_1_151' title='bbox 1568 4011 1711 4083; x_wconf 78' lang='grc' dir='ltr'><em>τοὺς</em></span> <span class='ocrx_word' id='word_1_152' title='bbox 1747 4011 1963 4091; x_wconf 83' lang='grc' dir='ltr'><em>χοροὺς</em></span> <span class='ocrx_word' id='word_1_153' title='bbox 2000 4011 2174 4090; x_wconf 75' lang='grc' dir='ltr'>ὑμεῖς</span> <span class='ocrx_word' id='word_1_154' title='bbox 2219 4008 2513 4083; x_wconf 66' lang='grc' dir='ltr'><strong>ἅπαντας</strong></span> <span class='ocrx_word' id='word_1_155' title='bbox 2551 4009 2688 4075; x_wconf 77' lang='grc' dir='ltr'>τού-</span> 
     </span>
    </p>
   </div>
   <div class='ocr_carea' id='block_1_9' title="bbox 622 4192 971 4205">
    <p class='ocr_par' dir='ltr' id='par_1_11' title="bbox 622 4192 971 4205">
     <span class='ocr_line' id='line_1_24' title="bbox 622 4192 971 4205; baseline 0 971"><span class='ocrx_word' id='word_1_156' title='bbox 622 4192 971 4205; x_wconf 95' lang='lat' dir='ltr'><strong> </strong></span> 
     </span>
    </p>
   </div>
   <div class='ocr_carea' id='block_1_10' title="bbox 655 4319 2203 4394">
    <p class='ocr_par' dir='ltr' id='par_1_12' title="bbox 655 4319 2203 4394">
     <span class='ocr_line' id='line_1_25' title="bbox 655 4319 2203 4394; baseline 0.001 -28"><span class='ocrx_word' id='word_1_157' title='bbox 655 4321 703 4385; x_wconf 89' lang='lat' dir='ltr'><strong>l)</strong></span> <span class='ocrx_word' id='word_1_158' title='bbox 741 4321 860 4371; x_wconf 88' lang='lat' dir='ltr'><strong>Vid.</strong></span> <span class='ocrx_word' id='word_1_159' title='bbox 900 4319 1156 4371; x_wconf 79' lang='lat' dir='ltr'><strong>Demosth.</strong></span> <span class='ocrx_word' id='word_1_160' title='bbox 1194 4328 1364 4394; x_wconf 77' lang='lat' dir='ltr'><strong>contra</strong></span> <span class='ocrx_word' id='word_1_161' title='bbox 1402 4323 1641 4382; x_wconf 83' lang='lat' dir='ltr'><strong>Midiam,</strong></span> <span class='ocrx_word' id='word_1_162' title='bbox 1676 4337 1725 4385; x_wconf 89' lang='lat' dir='ltr'><strong>p.</strong></span> <span class='ocrx_word' id='word_1_163' title='bbox 1749 4326 1869 4381; x_wconf 87' lang='lat'><strong>530,</strong></span> <span class='ocrx_word' id='word_1_164' title='bbox 1909 4322 1937 4382; x_wconf 67' lang='grc' dir='ltr'>ἓ</span> <span class='ocrx_word' id='word_1_165' title='bbox 1973 4325 2027 4370; x_wconf 85' lang='grc'><strong>51</strong></span> <span class='ocrx_word' id='word_1_166' title='bbox 2049 4357 2061 4380; x_wconf 84' lang='grc'><strong><em>,</em></strong></span> <span class='ocrx_word' id='word_1_167' title='bbox 2100 4335 2203 4382; x_wconf 90' lang='lat' dir='ltr'><strong>sqq.</strong></span> 
     </span>
    </p>
   </div>
  </div>
 </body>
</html>
