3414 5176
1757 483 1847 554 22

752 731 1092 798 numerw,
1154 712 1397 806 quippe
1455 710 1685 785 decem
1744 709 2038 782 tribuum
2088 732 2363 782 numero
2412 708 2659 804 optime
2707 733 2857 782 con·

753 871 1047 958 veniens,
1099 870 1455 942 maximam
1507 894 1663 966 prae
1714 896 1788 945 se
1828 874 1957 944 fert
2005 870 2143 944 veri
2186 868 2707 942 similitudinem.

972 1236 1010 1330 ἓ
1059 1233 1128 1304 4.
1198 1248 1385 1315 QUAE
1435 1248 1885 1304 PRAESTANDA
1937 1248 2239 1302 Fusium
2291 1246 2637 1301 cnonAGO.

848 1430 1067 1502 Primo
1117 1425 1386 1523 choragi
1437 1433 1579 1498 erat
1629 1427 1942 1523 colligere
1991 1393 2373 1513 choreutas,
2427 1425 2661 1498 sistere
2712 1423 2862 1497 cho·

750 1614 902 1663 rum
971 1594 1246 1686 (ἱστάναι
1311 1595 1544 1686 χορόν).
1640 1589 2011 1665 Choreutae
2090 1611 2360 1675 munuS,
2433 1609 2563 1658 non
2639 1549 2862 1657 minus

752 1774 951 1846 quam
1001 1749 1143 1846 ipsa
1195 1747 1527 1845 choragia,
1579 1758 1722 1825 erat
1771 1751 2064 1847 liturgia.
2159 1747 2528 1820 Tribulium
2580 1752 2724 1818 erat
2771 1745 2862 1816 of-

749 1910 977 1984 ficium
1019 1934 1058 1982 e
1095 1888 1267 1983 tribu
1304 1933 1426 1982 sua
1467 1910 1743 1985 chorum
1780 1912 2033 1984 sistere.
2087 1908 2277 1994 Quod
2318 1907 2445 1980 nisi
2489 1913 2723 2004 sponte
2771 1906 2860 1979 fe-

748 2071 1016 2159 cissent,
1062 2069 1348 2166 chorago
1383 2071 1494 2166 jus
1529 2079 1671 2144 erat
1714 2095 1826 2144 eos
1868 2093 2104 2167 cogere
2143 2071 2248 2143 vel
2286 2071 2537 2143 mulcta
2572 2069 2861 2164 irrogata

748 2233 853 2307 vel
888 2230 1411 2328 pignorecapto.
1467 2231 1682 2316 Quam
1724 2233 1901 2307 viam
1943 2252 2140 2329 saepe
2180 2231 2348 2302 inire
2387 2229 2667 2303 debehat
2704 2253 2862 2326 pue-

740 2376 970 2463 rorum
1035 2391 1386 2487 choragUS,
1446 2416 1653 2486 quum
1720 2400 2027 2489 parentes
2093 2393 2304 2490 stupri
2372 2397 2556 2463 metu
2623 2391 2860 2463 liberos

746 2574 903 2625 suos
954 2552 1145 2626 inviti
1197 2551 1507 2624 cederent
1534 2550 1611 2647 ¹).

845 2712 1094 2786 Deinde
1154 2712 1482 2808 choragus
1542 2711 1819 2784 chorum
1888 2736 2083 2783 suum
2144 2712 2319 2783 alere
2368 2718 2437 2782 et
2486 2710 2860 2783 mercedem

748 2855 1082 2946 choreutis
1159 2846 1410 2946 solvere
1487 2871 1783 2943 debebat.
1889 2872 2381 2967 Antiquissimis
2456 2871 2861 2968 temporibus

745 3059 878 3107 non
929 3041 1089 3132 puto
1139 3036 1491 3108 choreutas
1540 3031 1912 3104 mercedem
1965 3033 2326 3129 accepisse,
2380 3033 2554 3128 quod
2596 3057 2675 3104 ex
2705 3055 2862 3130 Asen-

744 3196 956 3267 tentia
1023 3220 1170 3268 mea
1237 3221 1434 3292 supra
1495 3194 1693 3266 allata
1722 3193 1770 3289 ²)
1832 3195 1913 3265 de
1963 3195 2178 3291 prisca
2228 3194 2577 3266 chororum
2644 3195 2862 3266 condi-

747 3358 925 3428 tione
975 3362 1209 3451 sponte
1260 3355 1577 3451 sequitur.
1665 3355 1899 3426 Postea
1950 3380 2124 3445 ver0,
2177 3382 2382 3452 quum
2436 3381 2542 3428 ars
2591 3355 2861 3427 choreu-

747 3516 880 3589 tica
929 3517 1312 3588 diuturnam
1365 3516 1900 3587 exercitationem
1953 3540 2221 3613 poscere
2271 3518 2596 3614 coepisset
2644 3520 2712 3585 et
2754 3537 2860 3586 res

821 3792 873 3858 1)
927 3792 1030 3843 vd.
1071 3791 1367 3855 Antiphon,
1416 3789 1694 3860 περὶῦτοῦ
1749 3794 2040 3861 χορευτοῦ,
2087 3795 2117 3857 ς
2159 3799 2236 3843 11.
2304 3794 2389 3843 Ex
2434 3805 2494 3841 eo
2527 3791 2690 3859 enim,
2723 3792 2859 3855 quod

747 3890 1019 3954 choi-agas,
1052 3889 1266 3939 oratoris
1296 3889 1480 3950 cliens,
1518 3890 1719 3941 disertis
1750 3892 1916 3941 verbis
1947 3892 2095 3942 dicit:
2143 3889 2282 3938 ’κτὸν
2307 3887 2474 3957 χορὸν
2503 3887 2763 3946 συνέλεξα
2793 3885 2861 3946 ὧς

747 3986 1028 4052 ἐδυνάμην
1070 3983 1303 4054 ἄριστα,
1350 3985 1478 4036 οὔτε
1527 3986 1805 4053 ζημιώσας
1839 3987 2061 4050 οὐδένα,
2098 3986 2229 4038 οὔτε
2260 3986 2494 4057 ἐνέχυρα
2528 3988 2632 4054 βίᾷ
2663 3975 2852 4057 φέρων,

752 4086 869 4135 οὔτ’
907 4083 1369 4154 ἀπεχθανόμενος
1400 4084 1646 4146 οὐδενί”,
1685 4105 1731 4135 κ.
1752 4103 1802 4138 τ.
1826 4084 1872 4135 λ.
1906 4087 2170 4138 manifeste
2205 4094 2435 4153 apparet,
2470 4089 2589 4140 talia
2620 4090 2773 4153 vulgo
2799 4087 2851 4137 in

744 4201 1012 4250 puerorum
1043 4188 1197 4237 choro
1228 4187 1514 4250 colligendo
1546 4185 1839 4236 obtinuisse.

812 4287 864 4350 2)
902 4282 1005 4335 Vd.
1040 4284 1190 4347 hujus
1218 4289 1533 4335 commentat.
1579 4298 1629 4346 p.
1664 4285 1707 4332 7.
