<?xml version="1.0" encoding="UTF-8"?>
<!DOCTYPE html PUBLIC "-//W3C//DTD XHTML 1.0 Transitional//EN"
    "http://www.w3.org/TR/xhtml1/DTD/xhtml1-transitional.dtd">
<html xmlns="http://www.w3.org/1999/xhtml" xml:lang="en" lang="en">
 <head>
  <title>
</title>
<meta http-equiv="Content-Type" content="text/html;charset=utf-8" />
  <meta name='ocr-system' content='tesseract 3.04.00' />
  <meta name='ocr-capabilities' content='ocr_page ocr_carea ocr_par ocr_line ocrx_word'/>
</head>
<body>
  <div class='ocr_page' id='page_1' title='image "./quaestionesscen00brilgoog_0041.png"; bbox 0 0 3414 5176; ppageno 0'>
   <div class='ocr_carea' id='block_1_1' title="bbox 1573 615 1663 684">
    <p class='ocr_par' dir='ltr' id='par_1_1' title="bbox 1573 615 1663 684">
     <span class='ocr_line' id='line_1_1' title="bbox 1573 615 1663 684; baseline 0 0"><span class='ocrx_word' id='word_1_1' title='bbox 1573 615 1663 684; x_wconf 74' lang='lat'>29</span> 
     </span>
    </p>
   </div>
   <div class='ocr_carea' id='block_1_2' title="bbox 570 838 2678 937">
    <p class='ocr_par' dir='ltr' id='par_1_2' title="bbox 570 838 2678 937">
     <span class='ocr_line' id='line_1_2' title="bbox 570 838 2678 937; baseline -0.001 -24"><span class='ocrx_word' id='word_1_2' title='bbox 570 842 905 937; x_wconf 79' lang='lat' dir='ltr'>pertinent</span> <span class='ocrx_word' id='word_1_3' title='bbox 946 840 1346 935; x_wconf 88' lang='lat' dir='ltr'>choragiam,</span> <span class='ocrx_word' id='word_1_4' title='bbox 1410 839 1774 912; x_wconf 67' lang='lat' dir='ltr'>afferemus</span> <span class='ocrx_word' id='word_1_5' title='bbox 1880 838 1975 911; x_wconf 92' lang='lat' dir='ltr'>De</span> <span class='ocrx_word' id='word_1_6' title='bbox 2033 840 2140 910; x_wconf 89' lang='lat' dir='ltr'>his</span> <span class='ocrx_word' id='word_1_7' title='bbox 2199 839 2404 935; x_wconf 85' lang='lat' dir='ltr'>igitur</span> <span class='ocrx_word' id='word_1_8' title='bbox 2452 839 2678 927; x_wconf 81' lang='lat' dir='ltr'>tradit,</span> 
     </span>
    </p>
   </div>
   <div class='ocr_carea' id='block_1_3' title="bbox 567 993 2684 3820">
    <p class='ocr_par' dir='ltr' id='par_1_3' title="bbox 572 993 2684 1732">
     <span class='ocr_line' id='line_1_3' title="bbox 573 993 2681 1089; baseline 0.001 -25"><span class='ocrx_word' id='word_1_9' title='bbox 573 995 877 1066; x_wconf 87' lang='lat' dir='ltr'>clientem</span> <span class='ocrx_word' id='word_1_10' title='bbox 954 1018 1152 1067; x_wconf 90' lang='lat' dir='ltr'>suum</span> <span class='ocrx_word' id='word_1_11' title='bbox 1229 993 1579 1088; x_wconf 83' lang='lat' dir='ltr'>choragiae</span> <span class='ocrx_word' id='word_1_12' title='bbox 1645 993 1935 1089; x_wconf 80' lang='lat' dir='ltr'>tragicae</span> <span class='ocrx_word' id='word_1_13' title='bbox 1994 993 2393 1088; x_wconf 85' lang='lat' dir='ltr'>impendisse</span> <span class='ocrx_word' id='word_1_14' title='bbox 2467 994 2681 1066; x_wconf 86' lang='lat' dir='ltr'>minas</span> 
     </span>
     <span class='ocr_line' id='line_1_4' title="bbox 573 1152 2681 1250; baseline 0 -25"><span class='ocrx_word' id='word_1_15' title='bbox 573 1155 865 1250; x_wconf 77' lang='lat' dir='ltr'>triginta,</span> <span class='ocrx_word' id='word_1_16' title='bbox 918 1155 1208 1227; x_wconf 76' lang='lat' dir='ltr'>comicae</span> <span class='ocrx_word' id='word_1_17' title='bbox 1262 1161 1418 1227; x_wconf 83' lang='grc' dir='ltr'>»σὺν</span> <span class='ocrx_word' id='word_1_18' title='bbox 1465 1171 1543 1244; x_wconf 77' lang='grc' dir='ltr'>τῇ</span> <span class='ocrx_word' id='word_1_19' title='bbox 1591 1168 1702 1237; x_wconf 77' lang='grc' dir='ltr'>τῆς</span> <span class='ocrx_word' id='word_1_20' title='bbox 1751 1169 1971 1237; x_wconf 79' lang='grc' dir='ltr'><strong><em>σκευῆς</em></strong></span> <span class='ocrx_word' id='word_1_21' title='bbox 2017 1157 2363 1227; x_wconf 68' lang='grc' dir='ltr'><em>ἆνωθέσει”</em></span> <span class='ocrx_word' id='word_1_22' title='bbox 2395 1154 2442 1250; x_wconf 90' lang='lat'>¹)</span> <span class='ocrx_word' id='word_1_23' title='bbox 2502 1152 2681 1226; x_wconf 78' lang='lat' dir='ltr'>sede-</span> 
     </span>
     <span class='ocr_line' id='line_1_5' title="bbox 572 1313 2684 1411; baseline -0.001 -24"><span class='ocrx_word' id='word_1_24' title='bbox 572 1316 722 1387; x_wconf 90' lang='lat' dir='ltr'>cim.</span> <span class='ocrx_word' id='word_1_25' title='bbox 827 1313 1071 1388; x_wconf 86' lang='lat' dir='ltr'>Omnes</span> <span class='ocrx_word' id='word_1_26' title='bbox 1119 1315 1318 1410; x_wconf 86' lang='lat' dir='ltr'>hujus</span> <span class='ocrx_word' id='word_1_27' title='bbox 1369 1315 1631 1386; x_wconf 89' lang='lat' dir='ltr'>clientis</span> <span class='ocrx_word' id='word_1_28' title='bbox 1680 1313 1992 1410; x_wconf 85' lang='lat' dir='ltr'>liturgiae</span> <span class='ocrx_word' id='word_1_29' title='bbox 2033 1336 2149 1411; x_wconf 87' lang='lat' dir='ltr'>per</span> <span class='ocrx_word' id='word_1_30' title='bbox 2190 1335 2427 1386; x_wconf 88' lang='lat' dir='ltr'>novem</span> <span class='ocrx_word' id='word_1_31' title='bbox 2477 1328 2684 1385; x_wconf 81' lang='lat' dir='ltr'>annos</span> 
     </span>
     <span class='ocr_line' id='line_1_6' title="bbox 574 1456 2681 1573; baseline 0 -27"><span class='ocrx_word' id='word_1_32' title='bbox 574 1478 635 1547; x_wconf 87' lang='lat' dir='ltr'>ei</span> <span class='ocrx_word' id='word_1_33' title='bbox 693 1476 1160 1562; x_wconf 87' lang='lat' dir='ltr'>constiterunt,</span> <span class='ocrx_word' id='word_1_34' title='bbox 1212 1477 1268 1546; x_wconf 90' lang='lat' dir='ltr'>si</span> <span class='ocrx_word' id='word_1_35' title='bbox 1320 1456 1649 1549; x_wconf 83' lang='lat' dir='ltr'>summam</span> <span class='ocrx_word' id='word_1_36' title='bbox 1709 1480 2203 1573; x_wconf 79' lang='lat' dir='ltr'>computamuS,</span> <span class='ocrx_word' id='word_1_37' title='bbox 2257 1473 2400 1546; x_wconf 81' lang='lat'>636</span> <span class='ocrx_word' id='word_1_38' title='bbox 2451 1475 2681 1561; x_wconf 89' lang='lat' dir='ltr'>minis,</span> 
     </span>
     <span class='ocr_line' id='line_1_7' title="bbox 572 1634 1605 1732; baseline 0 -26"><span class='ocrx_word' id='word_1_39' title='bbox 572 1638 613 1706; x_wconf 90' lang='lat' dir='ltr'>i.</span> <span class='ocrx_word' id='word_1_40' title='bbox 664 1660 726 1708; x_wconf 89' lang='lat' dir='ltr'>e.</span> <span class='ocrx_word' id='word_1_41' title='bbox 783 1634 1050 1723; x_wconf 74' lang='lat'>28,620</span> <span class='ocrx_word' id='word_1_42' title='bbox 1099 1638 1498 1709; x_wconf 89' lang='lat' dir='ltr'>florenorum</span> <span class='ocrx_word' id='word_1_43' title='bbox 1526 1637 1605 1732; x_wconf 85' lang='lat'>²).</span> 
     </span>
    </p>

    <p class='ocr_par' dir='ltr' id='par_1_4' title="bbox 567 1794 2684 3820">
     <span class='ocr_line' id='line_1_8' title="bbox 665 1794 2680 1892; baseline -0 -25"><span class='ocrx_word' id='word_1_44' title='bbox 665 1794 794 1867; x_wconf 88' lang='lat' dir='ltr'>Sed</span> <span class='ocrx_word' id='word_1_45' title='bbox 855 1796 1002 1891; x_wconf 86' lang='lat' dir='ltr'>jure</span> <span class='ocrx_word' id='word_1_46' title='bbox 1051 1796 1422 1870; x_wconf 90' lang='lat' dir='ltr'>Boeckhius</span> <span class='ocrx_word' id='word_1_47' title='bbox 1464 1797 1798 1885; x_wconf 87' lang='lat' dir='ltr'>ostendit,</span> <span class='ocrx_word' id='word_1_48' title='bbox 1866 1796 2047 1870; x_wconf 92' lang='lat' dir='ltr'>hunc</span> <span class='ocrx_word' id='word_1_49' title='bbox 2081 1796 2316 1892; x_wconf 85' lang='lat' dir='ltr'>Lysiae</span> <span class='ocrx_word' id='word_1_50' title='bbox 2374 1796 2680 1868; x_wconf 87' lang='lat' dir='ltr'>clientem</span> 
     </span>
     <span class='ocr_line' id='line_1_9' title="bbox 567 1956 2682 2053; baseline -0 -25"><span class='ocrx_word' id='word_1_51' title='bbox 567 1957 864 2028; x_wconf 85' lang='lat' dir='ltr'>debitum</span> <span class='ocrx_word' id='word_1_52' title='bbox 915 1957 1187 2028; x_wconf 90' lang='lat' dir='ltr'>modum</span> <span class='ocrx_word' id='word_1_53' title='bbox 1238 1959 1433 2053; x_wconf 91' lang='lat' dir='ltr'>longe</span> <span class='ocrx_word' id='word_1_54' title='bbox 1485 1958 1876 2044; x_wconf 81' lang='lat' dir='ltr'>excessisse,</span> <span class='ocrx_word' id='word_1_55' title='bbox 1930 1958 2069 2030; x_wconf 89' lang='lat' dir='ltr'>sive</span> <span class='ocrx_word' id='word_1_56' title='bbox 2112 1957 2326 2030; x_wconf 89' lang='lat' dir='ltr'>laudis</span> <span class='ocrx_word' id='word_1_57' title='bbox 2377 1956 2682 2052; x_wconf 88' lang='lat' dir='ltr'>cupidine</span> 
     </span>
     <span class='ocr_line' id='line_1_10' title="bbox 572 2116 2682 2205; baseline 0 -18"><span class='ocrx_word' id='word_1_58' title='bbox 572 2116 885 2205; x_wconf 88' lang='lat' dir='ltr'>ductum,</span> <span class='ocrx_word' id='word_1_59' title='bbox 937 2119 1092 2191; x_wconf 83' lang='lat' dir='ltr'>sive.</span> <span class='ocrx_word' id='word_1_60' title='bbox 1118 2118 1530 2189; x_wconf 82' lang='lat' dir='ltr'>liberalitate.</span> <span class='ocrx_word' id='word_1_61' title='bbox 1634 2118 1897 2188; x_wconf 89' lang='lat' dir='ltr'>Etenim</span> <span class='ocrx_word' id='word_1_62' title='bbox 1941 2118 2468 2192; x_wconf 89' lang='lat' dir='ltr'>duodevicesimo</span> <span class='ocrx_word' id='word_1_63' title='bbox 2511 2140 2682 2190; x_wconf 92' lang='lat' dir='ltr'>anno</span> 
     </span>
     <span class='ocr_line' id='line_1_11' title="bbox 571 2246 2682 2375; baseline 0.001 -28"><span class='ocrx_word' id='word_1_64' title='bbox 571 2246 901 2372; x_wconf 81' lang='lat' dir='ltr'>choragus</span> <span class='ocrx_word' id='word_1_65' title='bbox 968 2283 1201 2372; x_wconf 87' lang='lat' dir='ltr'>sponte</span> <span class='ocrx_word' id='word_1_66' title='bbox 1272 2279 1408 2372; x_wconf 84' lang='lat' dir='ltr'>jam</span> <span class='ocrx_word' id='word_1_67' title='bbox 1475 2277 1690 2348; x_wconf 86' lang='lat' dir='ltr'>factus</span> <span class='ocrx_word' id='word_1_68' title='bbox 1742 2283 1917 2366; x_wconf 87' lang='lat' dir='ltr'>erat,</span> <span class='ocrx_word' id='word_1_69' title='bbox 1985 2281 2211 2351; x_wconf 88' lang='lat' dir='ltr'>statim</span> <span class='ocrx_word' id='word_1_70' title='bbox 2261 2285 2409 2374; x_wconf 90' lang='lat' dir='ltr'>post</span> <span class='ocrx_word' id='word_1_71' title='bbox 2458 2276 2682 2375; x_wconf 88' lang='lat' dir='ltr'>proba-</span> 
     </span>
     <span class='ocr_line' id='line_1_12' title="bbox 576 2436 2677 2533; baseline 0 -26"><span class='ocrx_word' id='word_1_72' title='bbox 576 2438 823 2508; x_wconf 85' lang='lat' dir='ltr'>tionem</span> <span class='ocrx_word' id='word_1_73' title='bbox 877 2436 1323 2532; x_wconf 68' lang='grc' dir='ltr'><em>(δοκιμασίαν),</em></span> <span class='ocrx_word' id='word_1_74' title='bbox 1375 2436 1549 2530; x_wconf 83' lang='grc'><strong>1111011</strong></span> <span class='ocrx_word' id='word_1_75' title='bbox 1590 2448 2004 2533; x_wconf 87' lang='lat' dir='ltr'>nequaquam</span> <span class='ocrx_word' id='word_1_76' title='bbox 2047 2438 2260 2511; x_wconf 86' lang='lat' dir='ltr'>facere</span> <span class='ocrx_word' id='word_1_77' title='bbox 2301 2436 2677 2523; x_wconf 65' lang='lat' dir='ltr'>tenebatur-3</span> 
     </span>
     <span class='ocr_line' id='line_1_13' title="bbox 571 2597 2679 2694; baseline 0.001 -27"><span class='ocrx_word' id='word_1_78' title='bbox 571 2598 746 2668; x_wconf 91' lang='lat' dir='ltr'>idem</span> <span class='ocrx_word' id='word_1_79' title='bbox 799 2598 997 2670; x_wconf 89' lang='lat' dir='ltr'>unius</span> <span class='ocrx_word' id='word_1_80' title='bbox 1039 2599 1192 2668; x_wconf 90' lang='lat' dir='ltr'>anni</span> <span class='ocrx_word' id='word_1_81' title='bbox 1243 2597 1455 2692; x_wconf 89' lang='lat' dir='ltr'>spatio</span> <span class='ocrx_word' id='word_1_82' title='bbox 1498 2598 1721 2694; x_wconf 85' lang='lat' dir='ltr'>plures</span> <span class='ocrx_word' id='word_1_83' title='bbox 1770 2600 2132 2672; x_wconf 87' lang='lat' dir='ltr'>ordinarias</span> <span class='ocrx_word' id='word_1_84' title='bbox 2182 2600 2491 2694; x_wconf 82' lang='lat' dir='ltr'>liturgias</span> <span class='ocrx_word' id='word_1_85' title='bbox 2541 2623 2679 2671; x_wconf 91' lang='lat' dir='ltr'>sus-</span> 
     </span>
     <span class='ocr_line' id='line_1_14' title="bbox 572 2758 2683 2855; baseline 0 -26"><span class='ocrx_word' id='word_1_86' title='bbox 572 2765 865 2853; x_wconf 88' lang='lat' dir='ltr'>ceperat,</span> <span class='ocrx_word' id='word_1_87' title='bbox 908 2758 1104 2852; x_wconf 90' lang='lat' dir='ltr'>idque</span> <span class='ocrx_word' id='word_1_88' title='bbox 1146 2781 1261 2853; x_wconf 91' lang='lat' dir='ltr'>per</span> <span class='ocrx_word' id='word_1_89' title='bbox 1312 2759 1560 2853; x_wconf 88' lang='lat' dir='ltr'>aliquot</span> <span class='ocrx_word' id='word_1_90' title='bbox 1601 2782 1806 2831; x_wconf 89' lang='lat' dir='ltr'>annos</span> <span class='ocrx_word' id='word_1_91' title='bbox 1848 2762 2230 2849; x_wconf 77' lang='lat' dir='ltr'>continuOS,</span> <span class='ocrx_word' id='word_1_92' title='bbox 2283 2783 2414 2855; x_wconf 92' lang='lat' dir='ltr'>qua</span> <span class='ocrx_word' id='word_1_93' title='bbox 2456 2782 2525 2831; x_wconf 90' lang='lat' dir='ltr'>re</span> <span class='ocrx_word' id='word_1_94' title='bbox 2567 2783 2683 2855; x_wconf 86' lang='lat' dir='ltr'>per</span> 
     </span>
     <span class='ocr_line' id='line_1_15' title="bbox 569 2919 2682 3015; baseline 0.001 -26"><span class='ocrx_word' id='word_1_95' title='bbox 569 2919 782 3014; x_wconf 88' lang='lat' dir='ltr'>legem</span> <span class='ocrx_word' id='word_1_96' title='bbox 818 2920 1133 2991; x_wconf 90' lang='lat' dir='ltr'>immunis</span> <span class='ocrx_word' id='word_1_97' title='bbox 1167 2926 1338 3007; x_wconf 83' lang='lat' dir='ltr'>erat3</span> <span class='ocrx_word' id='word_1_98' title='bbox 1375 2926 1519 2991; x_wconf 86' lang='lat' dir='ltr'>tum</span> <span class='ocrx_word' id='word_1_99' title='bbox 1561 2927 1822 3015; x_wconf 88' lang='lat' dir='ltr'>praeter</span> <span class='ocrx_word' id='word_1_100' title='bbox 1855 2921 2342 3008; x_wconf 90' lang='lat' dir='ltr'>trierarchiam,</span> <span class='ocrx_word' id='word_1_101' title='bbox 2380 2945 2548 3015; x_wconf 92' lang='lat' dir='ltr'>quae</span> <span class='ocrx_word' id='word_1_102' title='bbox 2583 2944 2682 2993; x_wconf 89' lang='lat' dir='ltr'>ce-</span> 
     </span>
     <span class='ocr_line' id='line_1_16' title="bbox 569 3078 2684 3174; baseline 0.001 -25"><span class='ocrx_word' id='word_1_103' title='bbox 569 3080 727 3151; x_wconf 83' lang='lat' dir='ltr'>teris</span> <span class='ocrx_word' id='word_1_104' title='bbox 753 3080 1057 3152; x_wconf 89' lang='lat' dir='ltr'>omnibus</span> <span class='ocrx_word' id='word_1_105' title='bbox 1082 3080 1370 3174; x_wconf 88' lang='lat' dir='ltr'>liturgiis</span> <span class='ocrx_word' id='word_1_106' title='bbox 1396 3079 1796 3165; x_wconf 81' lang='lat' dir='ltr'>absolvebat,</span> <span class='ocrx_word' id='word_1_107' title='bbox 1817 3078 2105 3172; x_wconf 88' lang='lat' dir='ltr'>liturgiis</span> <span class='ocrx_word' id='word_1_108' title='bbox 2130 3080 2476 3152; x_wconf 89' lang='lat' dir='ltr'>ordinariis</span> <span class='ocrx_word' id='word_1_109' title='bbox 2499 3080 2684 3152; x_wconf 82' lang='lat' dir='ltr'>func-</span> 
     </span>
     <span class='ocr_line' id='line_1_17' title="bbox 575 3239 2680 3337; baseline 0.003 -30"><span class='ocrx_word' id='word_1_110' title='bbox 575 3246 894 3326; x_wconf 83' lang='lat' dir='ltr'>tuserat3</span> <span class='ocrx_word' id='word_1_111' title='bbox 948 3239 1228 3335; x_wconf 86' lang='lat' dir='ltr'>denique</span> <span class='ocrx_word' id='word_1_112' title='bbox 1279 3262 1411 3309; x_wconf 92' lang='lat' dir='ltr'>non</span> <span class='ocrx_word' id='word_1_113' title='bbox 1461 3242 1657 3313; x_wconf 87' lang='lat' dir='ltr'>tertio</span> <span class='ocrx_word' id='word_1_114' title='bbox 1709 3262 1966 3336; x_wconf 91' lang='lat' dir='ltr'>quoque</span> <span class='ocrx_word' id='word_1_115' title='bbox 2018 3261 2211 3327; x_wconf 88' lang='lat' dir='ltr'>anno,</span> <span class='ocrx_word' id='word_1_116' title='bbox 2263 3249 2395 3336; x_wconf 89' lang='lat' dir='ltr'>qua</span> <span class='ocrx_word' id='word_1_117' title='bbox 2434 3241 2680 3337; x_wconf 88' lang='lat' dir='ltr'>relegi</span> 
     </span>
     <span class='ocr_line' id='line_1_18' title="bbox 571 3398 2682 3493; baseline 0.002 -24"><span class='ocrx_word' id='word_1_118' title='bbox 571 3398 1020 3487; x_wconf 70' lang='lat' dir='ltr'>satisfecisset,</span> <span class='ocrx_word' id='word_1_119' title='bbox 1065 3399 1182 3470; x_wconf 91' lang='lat' dir='ltr'>sed</span> <span class='ocrx_word' id='word_1_120' title='bbox 1225 3405 1477 3493; x_wconf 90' lang='lat' dir='ltr'>septem</span> <span class='ocrx_word' id='word_1_121' title='bbox 1515 3424 1721 3472; x_wconf 90' lang='lat' dir='ltr'>annos</span> <span class='ocrx_word' id='word_1_122' title='bbox 1748 3401 2094 3473; x_wconf 91' lang='lat' dir='ltr'>continuos</span> <span class='ocrx_word' id='word_1_123' title='bbox 2120 3401 2522 3473; x_wconf 88' lang='lat' dir='ltr'>trierarchus</span> <span class='ocrx_word' id='word_1_124' title='bbox 2546 3403 2682 3473; x_wconf 83' lang='lat' dir='ltr'>fue·</span> 
     </span>
     <span class='ocr_line' id='line_1_19' title="bbox 572 3558 2681 3656; baseline 0.003 -27"><span class='ocrx_word' id='word_1_125' title='bbox 572 3565 692 3629; x_wconf 87' lang='lat' dir='ltr'>rat.</span> <span class='ocrx_word' id='word_1_126' title='bbox 747 3559 893 3645; x_wconf 80' lang='lat' dir='ltr'>Quo</span> <span class='ocrx_word' id='word_1_127' title='bbox 932 3558 1185 3630; x_wconf 89' lang='lat' dir='ltr'>accedit</span> <span class='ocrx_word' id='word_1_128' title='bbox 1227 3561 1400 3654; x_wconf 88' lang='lat' dir='ltr'>quod</span> <span class='ocrx_word' id='word_1_129' title='bbox 1435 3565 1583 3655; x_wconf 90' lang='lat' dir='ltr'>post</span> <span class='ocrx_word' id='word_1_130' title='bbox 1617 3559 2068 3632; x_wconf 88' lang='lat' dir='ltr'>trierarchiam</span> <span class='ocrx_word' id='word_1_131' title='bbox 2104 3584 2218 3656; x_wconf 87' lang='lat' dir='ltr'>per</span> <span class='ocrx_word' id='word_1_132' title='bbox 2246 3563 2492 3632; x_wconf 82' lang='lat' dir='ltr'>annum</span> <span class='ocrx_word' id='word_1_133' title='bbox 2519 3561 2681 3635; x_wconf 86' lang='lat' dir='ltr'>inte-</span> 
     </span>
     <span class='ocr_line' id='line_1_20' title="bbox 571 3709 2680 3820; baseline 0.004 -33"><span class='ocrx_word' id='word_1_134' title='bbox 571 3743 766 3812; x_wconf 89' lang='lat' dir='ltr'>grum</span> <span class='ocrx_word' id='word_1_135' title='bbox 807 3719 1112 3792; x_wconf 90' lang='lat' dir='ltr'>omnibus</span> <span class='ocrx_word' id='word_1_136' title='bbox 1147 3721 1434 3815; x_wconf 88' lang='lat' dir='ltr'>liturgiis</span> <span class='ocrx_word' id='word_1_137' title='bbox 1487 3720 1547 3790; x_wconf 90' lang='lat' dir='ltr'>ei</span> <span class='ocrx_word' id='word_1_138' title='bbox 1592 3720 1808 3791; x_wconf 91' lang='lat' dir='ltr'>soluto</span> <span class='ocrx_word' id='word_1_139' title='bbox 1853 3742 1997 3792; x_wconf 89' lang='lat' dir='ltr'>esse</span> <span class='ocrx_word' id='word_1_140' title='bbox 2035 3709 2348 3793; x_wconf 74' lang='lat' dir='ltr'>licuerit:‘</span> <span class='ocrx_word' id='word_1_141' title='bbox 2375 3725 2680 3820; x_wconf 89' lang='lat' dir='ltr'>quocirca</span> 
     </span>
    </p>
   </div>
   <div class='ocr_carea' id='block_1_4' title="bbox 574 3879 2682 3978">
    <p class='ocr_par' dir='ltr' id='par_1_5' title="bbox 574 3879 2682 3978">
     <span class='ocr_line' id='line_1_21' title="bbox 574 3879 2682 3978; baseline 0.002 -30"><span class='ocrx_word' id='word_1_142' title='bbox 574 3885 789 3948; x_wconf 83' lang='lat' dir='ltr'>orator</span> <span class='ocrx_word' id='word_1_143' title='bbox 812 3903 951 3950; x_wconf 90' lang='lat' dir='ltr'>rem</span> <span class='ocrx_word' id='word_1_144' title='bbox 977 3904 1390 3977; x_wconf 88' lang='lat' dir='ltr'>nequaquam</span> <span class='ocrx_word' id='word_1_145' title='bbox 1416 3881 1483 3952; x_wconf 93' lang='lat' dir='ltr'>in</span> <span class='ocrx_word' id='word_1_146' title='bbox 1510 3881 1725 3977; x_wconf 87' lang='lat' dir='ltr'>majus</span> <span class='ocrx_word' id='word_1_147' title='bbox 1753 3883 2011 3954; x_wconf 87' lang='lat' dir='ltr'>auxisse</span> <span class='ocrx_word' id='word_1_148' title='bbox 2038 3883 2373 3978; x_wconf 89' lang='lat' dir='ltr'>putandus</span> <span class='ocrx_word' id='word_1_149' title='bbox 2390 3879 2513 3971; x_wconf 82' lang='lat' dir='ltr'>est,</span> <span class='ocrx_word' id='word_1_150' title='bbox 2534 3907 2682 3956; x_wconf 91' lang='lat' dir='ltr'>con-</span> 
     </span>
    </p>
   </div>
   <div class='ocr_carea' id='block_1_5' title="bbox 580 4126 948 4140">
    <p class='ocr_par' dir='ltr' id='par_1_6' title="bbox 580 4126 948 4140">
     <span class='ocr_line' id='line_1_22' title="bbox 580 4126 948 4140; baseline 0 1036"><span class='ocrx_word' id='word_1_151' title='bbox 580 4126 948 4140; x_wconf 95' lang='lat' dir='ltr'> </span> 
     </span>
    </p>
   </div>
   <div class='ocr_carea' id='block_1_6' title="bbox 642 4285 2045 4452">
    <p class='ocr_par' dir='ltr' id='par_1_7' title="bbox 642 4285 2045 4452">
     <span class='ocr_line' id='line_1_23' title="bbox 646 4285 2045 4356; baseline 0.005 -23"><span class='ocrx_word' id='word_1_152' title='bbox 646 4287 696 4349; x_wconf 85' lang='grc'>1)</span> <span class='ocrx_word' id='word_1_153' title='bbox 730 4285 809 4336; x_wconf 83' lang='lat' dir='ltr'>De</span> <span class='ocrx_word' id='word_1_154' title='bbox 841 4286 1023 4338; x_wconf 86' lang='lat' dir='ltr'>horum</span> <span class='ocrx_word' id='word_1_155' title='bbox 1057 4292 1325 4341; x_wconf 82' lang='lat' dir='ltr'>verborum</span> <span class='ocrx_word' id='word_1_156' title='bbox 1359 4292 1727 4356; x_wconf 78' lang='lat' dir='ltr'>significatione</span> <span class='ocrx_word' id='word_1_157' title='bbox 1761 4292 1861 4342; x_wconf 85' lang='lat' dir='ltr'>vid.</span> <span class='ocrx_word' id='word_1_158' title='bbox 1900 4290 2045 4342; x_wconf 81' lang='lat' dir='ltr'>infra.</span> 
     </span>
     <span class='ocr_line' id='line_1_24' title="bbox 642 4383 1466 4452; baseline 0.008 -21"><span class='ocrx_word' id='word_1_159' title='bbox 642 4383 696 4448; x_wconf 79' lang='lat'>2)</span> <span class='ocrx_word' id='word_1_160' title='bbox 732 4383 811 4434; x_wconf 84' lang='lat' dir='ltr'>cf.</span> <span class='ocrx_word' id='word_1_161' title='bbox 850 4385 1107 4447; x_wconf 82' lang='lat' dir='ltr'>Bocckh.‚</span> <span class='ocrx_word' id='word_1_162' title='bbox 1143 4388 1178 4436; x_wconf 93' lang='lat' dir='ltr'>l.</span> <span class='ocrx_word' id='word_1_163' title='bbox 1214 4388 1249 4436; x_wconf 86' lang='lat'>1.</span> <span class='ocrx_word' id='word_1_164' title='bbox 1285 4405 1331 4452; x_wconf 85' lang='lat' dir='ltr'>p.</span> <span class='ocrx_word' id='word_1_165' title='bbox 1352 4393 1466 4439; x_wconf 86' lang='lat'><strong>605.</strong></span> 
     </span>
    </p>
   </div>
  </div>
 </body>
</html>
