3414 5176
1659 509 1694 577 7

611 744 744 809 tem
793 736 874 807 ad
917 734 1235 831 choragos
1279 734 1549 822 attinet,
1594 734 1806 805 afferri
1847 738 2120 830 possunt
2151 733 2197 828 1)
2223 733 2363 865 ‚·ad
2408 733 2718 803 seriorem

612 902 896 967 aetatem
947 896 1257 970 videntur
1308 917 1454 967 esse
1504 894 1860 967 referenda.

709 1057 900 1142 Quod
950 1058 1033 1128 ad
1085 1058 1332 1130 civium
1383 1054 1680 1127 ordinem
1733 1057 2003 1142 attinet,
2057 1054 2137 1126 ad
2189 1078 2387 1150 quem
2439 1054 2715 1150 pertine-

611 1218 767 1289 bant
818 1217 1207 1306 choreutae‚
1261 1224 1555 1313 tempora
1579 1272 1594 1303 ,
1647 1218 1716 1288 ni
1769 1214 1978 1304 fallor,
2031 1221 2188 1287 sunt
2223 1215 2708 1311 distinguenda.

610 1378 1106 1474 Antiquissimis
1154 1380 1332 1451 enim
1383 1377 1790 1474 temporibus
1840 1376 1964 1473 ipsi
2006 1375 2366 1449 civitatatis
2415 1399 2715 1472 proceres

607 1539 885 1611 chorum
950 1538 1311 1611 efficientes
1378 1539 1446 1610 in
1514 1538 1787 1610 deorum
1854 1536 2169 1610 honorem
2218 1535 2499 1633 hymnos
2548 1536 2713 1609 ceci-

606 1700 785 1772 nisse
852 1708 920 1773 et
987 1701 1264 1773 saltasse
1331 1699 1640 1773 videntur
1682 1698 1731 1793 2)
1750 1755 1765 1769 .
1866 1696 2090 1782 Quum
2161 1721 2311 1770 vero
2377 1698 2605 1795 hymni
2674 1722 2712 1769 a

606 1861 921 1956 pristinae
971 1861 1220 1935 formae
1261 1860 1687 1957 simplicitate
1729 1858 2064 1932 discedere
2106 1861 2476 1955 coepissent
2526 1865 2594 1931 et
2643 1859 2711 1931 in

608 2022 956 2093 saltatione
1029 2044 1289 2117 quoque
1364 2021 1572 2115 major
1646 2043 1752 2092 ars
1818 2025 2198 2092 cerneretur
2218 2076 2234 2109 ,
2311 2043 2440 2116 quo
2514 2018 2711 2091 fiebat

613 2188 686 2252 ut
767 2180 1142 2254 hominibus
1232 2205 1398 2277 opus
1473 2188 1686 2269 esset,
1774 2180 2165 2276 jamdudum
2243 2186 2395 2253 ante
2470 2178 2710 2254 festum

611 2343 1020 2430 exercitatis,
1104 2364 1235 2413 non
1305 2341 1588 2438 amplius
1661 2343 1990 2439 principes
2064 2341 2339 2414 chorum
2416 2342 2710 2417 effecisse

616 2502 956 2590 videntur,
1033 2502 1147 2573 sed
1225 2502 1522 2574 hemines
1598 2504 1899 2575 mercede
1983 2502 2324 2591 conducti,
2401 2502 2711 2601 chorago·

612 2687 758 2735 rum
810 2664 1183 2759 sumptibus
1236 2664 1391 2751 alti,
1443 2664 1697 2750 vestiti,
1750 2666 2000 2752 ornati,
2063 2672 2408 2744 cantorum
2460 2689 2537 2738 ac
2588 2666 2710 2737 sal·

609 2828 898 2895 tatorum
948 2824 1018 2895 in
1070 2825 1273 2896 sacris
1322 2821 1537 2898 officio
1594 2825 1803 2897 functi
1853 2847 2039 2912 esse,
2090 2826 2263 2921 quod
2316 2833 2585 2921 apparet
2634 2851 2712 2898 ex

609 2984 954 3072 omnibuS,
1004 3009 1173 3080 quae
1225 2992 1478 3058 veteres
1526 2985 1610 3056 de
1659 2984 1876 3058 choris
1925 2984 2114 3057 nobis
2178 2986 2591 3059 tradiderunt
2632 2990 2710 3081 3).

614 3145 798 3229 Quae
849 3146 904 3215 si
956 3167 1109 3217 vera
1160 3152 1347 3232 sunt,
1392 3169 1598 3240 quum
1641 3143 1752 3216 hic
1796 3149 2054 3214 tantum
2098 3167 2374 3238 agamus
2417 3145 2497 3216 de
2548 3154 2710 3218 tem-

691 3504 738 3567 1)
776 3502 898 3551 vid.
941 3517 1071 3567 quae
1115 3502 1166 3551 in
1212 3503 1307 3552 hac
1350 3500 1632 3553 Comment.
1646 3539 1659 3560 ,
1705 3502 1864 3561 infra,
1908 3488 2180 3553 afferuntur
2195 3541 2208 3562 ,
2256 3503 2342 3554 ubi
2386 3504 2449 3554 de
2479 3503 2708 3569 choragis

614 3614 778 3651 sermo
811 3607 903 3651 est.

681 3699 735 3762 2)
782 3698 904 3749 Huc
946 3697 1199 3762 pertinent
1242 3696 1279 3745 ii
1325 3696 1595 3760 Epicornm
1640 3695 1765 3754 loci,
1806 3695 1894 3744 ubi
1937 3697 2001 3746 de
2042 3697 2264 3761 ipsornm'
2305 3697 2514 3749 deornm
2546 3700 2711 3750 choris

615 3795 805 3845 mentio
834 3795 919 3855 fit,
952 3800 1010 3843 ut
1038 3808 1082 3844 e.
1112 3808 1163 3858 g.
1198 3792 1251 3843 in
1277 3793 1454 3858 hymn.
1482 3795 1547 3843 ad
1573 3791 1747 3857 Apoll.
1776 3792 1929 3857 Pyth.
1958 3808 2032 3843 vs·
2065 3797 2285 3854 10—-26,
2313 3795 2524 3846 Hesiod.
2554 3797 2710 3847 Herc.

618 3891 760 3941 Scut.
793 3895 1086 3950 201—205;
1110 3890 1292 3941 chorus
1309 3889 1559 3954 juvenum
1588 3890 1875 3941 Phaeacum
1903 3891 1955 3940 in
1985 3890 2191 3941 Alcinoi
2218 3892 2424 3942 aedibus
2447 3893 2709 3957 prodiens,

621 3988 803 4050 Odyss.
854 3988 1022 4049 VIII,
1073 3991 1202 4047 2663
1265 3988 1448 4038 chorus
1505 3987 1755 4052 juvenum
1809 3988 2185 4052 puellarumque
2248 3987 2588 4049 Cretensium,
2646 3989 2713 4040 11.

619 4083 854 4143 XVIII,
884 4089 1174 4146 591-606,
1219 4085 1333 4144 alii3
1367 4099 1580 4148 quorum
1608 4085 1875 4133 chororum
1907 4084 1994 4147 qui
2026 4085 2289 4149 participes
2327 4093 2467 4135 orant
2494 4086 2615 4149 quin
2651 4086 2715 4135 ed

616 4182 831 4231 civitatis
865 4177 1118 4247 ἀρίστους
1148 4182 1504 4245 pertinuerint,
1541 4181 1668 4229 nihil
1701 4180 2032 4229 dubitandum
2066 4188 2156 4229 est.

684 4280 740 4342 3)
779 4279 898 4329 vid.
934 4293 1061 4342 quae
1095 4279 1225 4329 infra
1257 4280 1351 4335 hac
1386 4280 1447 4328 de
1482 4293 1536 4328 re
1570 4278 1858 4326 afferuntur.
