3414 5176
1589 577 1667 645 51

581 803 722 896 gari
766 801 891 871 hac
933 801 1014 871 de
1056 824 1124 872 re
1167 802 1471 895 opinione
1507 824 1637 873 non
1672 824 1940 897 prorsus
1974 822 2334 898 congruere
2364 803 2684 888 videatur,

582 961 920 1033 fatendum
955 968 1076 1033 est.
1150 960 1280 1032 Sed
1331 963 1387 1035 si
1437 962 1601 1036 haec
1659 964 2037 1048 mittamuS,
2090 968 2296 1033 restat
2338 986 2685 1058 quaerere,

584 1130 750 1210 uter,
795 1124 848 1195 si
900 1129 1093 1218 poeta
1142 1129 1209 1194 et
1258 1122 1439 1197 chori
1489 1092 1875 1231 praeceptor
1925 1145 2054 1192 non
2104 1122 2280 1193 idem
2321 1128 2484 1210 erat,
2538 1130 2687 1194 uter

581 1286 785 1380 igitur
836 1285 1055 1372 fuerit,
1106 1287 1219 1380 qui
1270 1284 1544 1359 chorum
1597 1284 1677 1355 ab
1722 1284 2033 1357 archonte
2084 1284 2380 1379 petierit,
2459 1291 2685 1357 utrum

580 1448 719 1542 ipse
746 1445 1005 1518 fabulae
1030 1452 1244 1543 poeta,
1279 1469 1362 1515 an
1396 1444 1613 1539 potius
1641 1444 1776 1532 ille,
1813 1445 1926 1540 qui
1952 1444 2333 1517 institueret
2359 1443 2685 1519 chorum?

678 1607 923 1694 Causa,
990 1630 1159 1701 quae
1220 1607 1390 1678 hanc
1438 1605 1890 1699 quaestionem
1940 1603 2394 1676 difficillimam
2444 1603 2683 1690 reddit,

574 1767 736 1839 haec
801 1775 925 1854 est,
993 1767 1167 1861 quod
1215 1767 1604 1862 plerumque
1656 1772 1847 1861 poeta
1899 1765 2096 1838 simul
2148 1764 2330 1838 chori
2381 1787 2682 1861 praecep-

574 1929 734 1999 toris
783 1951 1028 2000 munus
1078 1927 1497 2022 suscipiebat.

674 2087 942 2158 Maximi
1016 2085 1445 2158 nihilominus
1510 2085 1696 2157 nobis
1758 2092 1860 2158 est
1909 2087 2225 2156 momenti
2275 2084 2645 2157 discernere
2667 2138 2683 2170 ,

578 2252 801 2319 utrum
853 2253 1069 2342 poeta,
1121 2253 1448 2340 quatenus
1504 2245 1629 2316 hoc
1677 2246 1942 2316 nomine
1993 2245 2357 2340 gaudebat,
2411 2266 2492 2314 an
2535 2242 2686 2315 cho-

580 2407 1056 2494 rodidascaluS,
1109 2406 1213 2480 vel
1264 2405 1317 2476 si
1369 2427 1499 2476 non
1549 2411 1741 2501 poeta
1775 2411 1972 2493 esset,
2016 2404 2290 2477 chorum
2333 2403 2677 2498 acciperet.

582 2565 672 2635 Ex
748 2565 873 2638 hac
944 2566 1120 2636 enim
1197 2566 1598 2660 quaestione,
1651 2590 1821 2661 quae
1871 2567 2052 2662 parvi
2104 2565 2420 2639 momenti
2473 2564 2683 2660 primo

579 2733 846 2821 aspectu
921 2727 1124 2798 videri
1193 2732 1431 2821 potest,
1485 2732 1699 2798 totum
1752 2727 1887 2799 fere
1939 2728 2285 2822 judicium,
2338 2725 2512 2822 quod
2570 2747 2681 2796 no·

575 2886 675 2956 bis
724 2887 805 2957 de
856 2887 1202 2982 choragiae
1252 2890 1644 2959 auctoritate
1695 2888 2039 2960 ferendum
2089 2895 2213 2973 est,
2268 2887 2531 2982 pendet.

672 3046 828 3115 Inde
880 3052 1124 3133 autem,
1188 3048 1360 3140 quod
1413 3057 1604 3142 poeta
1655 3054 1723 3117 et
1774 3045 2348 3117 chorodidascalus
2400 3045 2681 3138 plerum-

577 3226 706 3296 que
773 3212 948 3275 esset
1015 3230 1187 3276 unus
1244 3207 1573 3301 idemque,
1626 3169 1859 3301 sponte
1910 3205 2230 3299 sequitur,
2282 3203 2456 3300 apud
2506 3204 2682 3299 ipsos

580 3369 835 3435 veteres
902 3363 1066 3436 haec
1117 3367 1382 3437 nomina
1431 3366 1661 3436 eadem
1714 3389 1970 3462 semper
2018 3366 2152 3438 fere
2203 3363 2681 3460 significatione

578 3525 880 3620 usurpari
958 3532 1153 3621 atque
1221 3550 1416 3622 saepe
1464 3527 1848 3623 permutari,
1911 3527 2005 3597 ita
2071 3533 2147 3598 ut
2196 3526 2381 3597 nobis
2432 3523 2684 3596 difficil-

578 3687 810 3757 limum
887 3689 1003 3774 sit,
1082 3686 1433 3759 discrimen
1501 3687 1737 3759 harum
1803 3688 2145 3758 notionum
2214 3710 2438 3760 revera
2511 3688 2682 3758 inter

582 3867 650 3914 se
693 3845 1214 3941 discrepantium
1267 3855 1442 3918 recte
1485 3849 1876 3920 discernere.

582 4151 816 4216 πάντες,
842 4150 960 4199 ἀλλ’
1000 4153 1052 4202 οἱ
1090 4155 1523 4219 εὐδοκιμοῦντες
1552 4158 1648 4207 καὶ
1679 4158 1732 4207 οἱ
1766 4157 2206 4219 δοκιμασθέντες
2236 4155 2392 4211 ἄξενον·
2463 4154 2686 4207 Chorum

581 4252 647 4300 ab
692 4251 933 4301 archonte
966 4252 1191 4315 accipere
1222 4256 1501 4308 dicebatur:
1559 4279 1581 4300 u
1607 4256 1770 4325 χορὸν
1802 4254 2162 4318 λαμβάνειν.”
2199 4293 2203 4298 -
2235 4257 2355 4307 vid.
2400 4255 2701 4322 Aristophst

584 4348 782 4409 Ranae,
822 4356 911 4407 943
952 4348 1193 4412 Aeschyli
1231 4352 1376 4410 Vita;
1413 4369 1560 4416 supra
1594 4357 1771 4405 citatus
1809 4356 2050 4419 Hesychii
2085 4356 2249 4414 Inone,
2287 4355 2399 4404 alia.
