3414 5176
1552 566 1641 635 15

539 804 831 877 oratione
907 800 1242 891 separatas
1310 792 1547 888 injuria
1609 790 1966 885 conjunxit.
2074 788 2246 875 Quid
2296 797 2474 867 enim
2527 801 2655 866 sta-

491 1018 505 1028 ,
541 961 865 1035 tuendum
930 958 1081 1028 est?
1164 952 1441 1039 Quando
1506 951 1686 1023 hunc
1738 948 2159 1046 Antiphontis
2209 953 2429 1027 locum
2480 956 2653 1029 com-

550 1144 855 1220 paramus
932 1140 1087 1189 cum
1154 1112 1370 1187 verbis
1438 1111 1698 1208 Ulpiani
1768 1111 1847 1182 ad
1891 1110 2314 1231 'Leptineam,
2382 1141 2444 1212 p.
2509 1115 2653 1188 465

554 1281 855 1379 (Reisk.):
927 1287 1042 1357 »ὥς
1098 1285 1158 1348 ἐν
1219 1288 1345 1355 τοῖς
1408 1279 1787 1362 Θαργηλίοις
1850 1278 2008 1345 δυοῖν
2052 1285 2294 1362 φυλαῖν
2339 1278 2428 1356 εἷς
2476 1283 2654 1361 μόνος

545 1449 881 1516 καθίστατο
921 1439 1222 1526 χορηγός,
1270 1447 1396 1511 τοῖς
1435 1437 1497 1504 δὲ
1537 1433 1843 1515 μεγάλοις
1883 1437 2213 1512 Διονυσίοις
2238 1441 2659 1523 Ἀνθεστηριῶ-

547 1633 637 1682 νος
680 1607 867 1686 μηνὸς
891 1653 908 1682 ,
951 1600 1223 1671 πλείονος
1263 1597 1433 1678 αὐτῷ
1470 1596 1803 1677 γενομένης
1842 1603 1954 1673 τῆς
1992 1596 2307 1675 δαπάνης,
2350 1593 2436 1673 εἷς
2470 1625 2658 1685 χορη-

546 1770 656 1851 γὸς
705 1767 972 1840 ἑκάστης
1021 1769 1231 1848 φυλῆς
1269 1759 1683 1836 κοιθίστοιτο”,
1735 1753 1891 1826 hinc
1932 1753 2254 1827 conficere
2288 1757 2467 1845 licet,
2503 1761 2659 1832 solis

551 1921 918 2017 Thargeliis
984 1917 1220 2013 quinos
1271 1914 1590 2009 choragos
1643 1937 1680 1984 a
1731 1914 2034 1987 tribubus
2083 1917 2223 1988 suis
2273 1919 2659 2015 propositos,

557 2082 635 2153 ab
704 2079 1014 2151 archonte
1064 2083 1349 2162 creatOS,
1402 2074 1631 2145 eodem
1684 2072 1877 2144 modo
1929 2080 2126 2170 atque
2176 2078 2411 2151 ceteris
2459 2082 2665 2153 omni·
2729 2062 2734 2065 ⁸

554 2241 678 2313 bus
753 2239 1025 2311 deorum
1093 2235 1301 2319 festiS,
1371 2241 1544 2305 sorte
1611 2233 1961 2306 decernere
2017 2235 2343 2327 debuisse,
2395 2242 2503 2313 cui
2553 2244 2664 2313 tri-

558 2401 672 2471 bui
724 2403 982 2492 praeter
1033 2418 1222 2465 suam
1273 2396 1611 2466 servirent.
1693 2393 2098 2467 peculiarem
2150 2396 2328 2472 hunc
2378 2400 2664 2499 Tharge-

559 2560 665 2631 liis
714 2557 1133 2627 observatum
1185 2576 1464 2639 morem,
1526 2553 1889 2627 minoribus
1941 2554 2138 2651 hujus
2189 2558 2338 2633 festi
2390 2565 2665 2660 sumpti·

555 2720 679 2790 bus
745 2716 1101 2801 nitentem,
1171 2713 1539 2786 cavendum
1583 2720 1723 2801 est,
1793 2703 1876 2787 ne
1928 2741 2080 2790 cum
2134 2717 2535 2794 Schneidero
2585 2724 2666 2795 ad

559 2881 934 2950 universam
1013 2874 1445 2969 choragorum
1514 2876 1944 2946 creandorum
2013 2880 2332 2951 rationem
2399 2883 2669 2956 transfe-

557 3063 799 3111 ramus,

659 3198 832 3268 Haec
928 3198 1168 3268 creatio
1261 3195 1626 3266 secundum
1722 3201 1977 3268 certum
2070 3198 2362 3270 ordinem
2437 3199 2663 3274 fiebat:

564 3359 802 3454 quippe
869 3380 1093 3427 omnes
1160 3354 1435 3426 tribules
1486 3361 1841 3450 (φυλετοιί),
1887 3381 2166 3452 quorum
2233 3382 2338 3432 res
2398 3362 2671 3434 familia-

561 3520 651 3590 ris
703 3519 905 3589 trium
955 3517 1354 3589 talentorum
1407 3540 1738 3588 summam
1789 3519 2162 3606 excederet,
2221 3545 2344 3592 sua
2394 3523 2672 3618 quisque

562 3681 706 3751 vice
789 3678 1058 3771 choragi
1150 3676 1362 3749 officio
1440 3677 1650 3748 functi
1727 3701 1871 3750 esse
1961 3678 2267 3753 videntur
2310 3676 2383 3776 ¹).
2487 3683 2671 3755 Pote-

566 3846 670 3909 rat
719 3846 942 3911 tamen
996 3839 1265 3932 aliquis,
1334 3840 1593 3910 etiamsi
1646 3840 2008 3913 minoribus
2059 3841 2484 3916 facultatibus
2535 3850 2674 3915 ute-

565 4006 768 4086 retur,
821 3999 1195 4093 choragiam
1251 4001 1581 4095 suscipere
1634 4025 1756 4072 sua
1807 4009 2036 4095 sponte
2089 4009 2472 4096 (ἐθελοντής).

637 4347 685 4411 1)
722 4347 842 4398 Vid.
876 4349 1101 4400 Boockh.
1139 4349 1171 4396 l.
1205 4350 1243 4402 1.
1281 4368 1332 4415 p.
1367 4356 1479 4402 598.
