<?xml version="1.0" encoding="UTF-8"?>
<!DOCTYPE html PUBLIC "-//W3C//DTD XHTML 1.0 Transitional//EN"
    "http://www.w3.org/TR/xhtml1/DTD/xhtml1-transitional.dtd">
<html xmlns="http://www.w3.org/1999/xhtml" xml:lang="en" lang="en">
 <head>
  <title>
</title>
<meta http-equiv="Content-Type" content="text/html;charset=utf-8" />
  <meta name='ocr-system' content='tesseract 3.04.00' />
  <meta name='ocr-capabilities' content='ocr_page ocr_carea ocr_par ocr_line ocrx_word'/>
</head>
<body>
  <div class='ocr_page' id='page_1' title='image "./quaestionesscen00brilgoog_0045.png"; bbox 0 0 3414 5176; ppageno 0'>
   <div class='ocr_carea' id='block_1_1' title="bbox 1586 595 1676 663">
    <p class='ocr_par' dir='ltr' id='par_1_1' title="bbox 1586 595 1676 663">
     <span class='ocr_line' id='line_1_1' title="bbox 1586 595 1676 663; baseline 0 0"><span class='ocrx_word' id='word_1_1' title='bbox 1586 595 1676 663; x_wconf 84' lang='lat'>33</span> 
     </span>
    </p>
   </div>
   <div class='ocr_carea' id='block_1_2' title="bbox 498 816 2686 2768">
    <p class='ocr_par' dir='ltr' id='par_1_2' title="bbox 571 816 2686 1851">
     <span class='ocr_line' id='line_1_2' title="bbox 580 816 2684 923; baseline -0.002 -26"><span class='ocrx_word' id='word_1_2' title='bbox 580 827 853 923; x_wconf 80' lang='lat' dir='ltr'>prodere</span> <span class='ocrx_word' id='word_1_3' title='bbox 920 816 1185 893; x_wconf 89' lang='lat' dir='ltr'>solebat.</span> <span class='ocrx_word' id='word_1_4' title='bbox 1292 820 1537 892; x_wconf 78' lang='lat' dir='ltr'>Comici</span> <span class='ocrx_word' id='word_1_5' title='bbox 1603 844 1895 916; x_wconf 90' lang='lat' dir='ltr'>quoque,</span> <span class='ocrx_word' id='word_1_6' title='bbox 1947 822 2187 917; x_wconf 88' lang='lat' dir='ltr'>populo</span> <span class='ocrx_word' id='word_1_7' title='bbox 2237 821 2497 916; x_wconf 89' lang='lat' dir='ltr'>placere</span> <span class='ocrx_word' id='word_1_8' title='bbox 2548 829 2684 894; x_wconf 90' lang='lat' dir='ltr'>stu·</span> 
     </span>
     <span class='ocr_line' id='line_1_3' title="bbox 582 974 2682 1073; baseline -0.001 -23"><span class='ocrx_word' id='word_1_9' title='bbox 582 981 844 1065; x_wconf 80' lang='lat' dir='ltr'>denteS,</span> <span class='ocrx_word' id='word_1_10' title='bbox 911 978 1459 1073; x_wconf 87' lang='lat' dir='ltr'>pervicacissimis</span> <span class='ocrx_word' id='word_1_11' title='bbox 1513 977 1676 1071; x_wconf 86' lang='lat' dir='ltr'>jocis</span> <span class='ocrx_word' id='word_1_12' title='bbox 1743 976 1910 1046; x_wconf 87' lang='lat' dir='ltr'>tales</span> <span class='ocrx_word' id='word_1_13' title='bbox 1960 974 2278 1070; x_wconf 84' lang='lat' dir='ltr'>choragos</span> <span class='ocrx_word' id='word_1_14' title='bbox 2328 975 2682 1064; x_wconf 78' lang='lat' dir='ltr'>vexabant,</span> 
     </span>
     <span class='ocr_line' id='line_1_4' title="bbox 582 1130 2681 1230; baseline -0.001 -24"><span class='ocrx_word' id='word_1_15' title='bbox 582 1135 691 1230; x_wconf 89' lang='lat' dir='ltr'>qui</span> <span class='ocrx_word' id='word_1_16' title='bbox 760 1133 923 1228; x_wconf 85' lang='lat' dir='ltr'>joci,</span> <span class='ocrx_word' id='word_1_17' title='bbox 1004 1156 1041 1202; x_wconf 90' lang='lat' dir='ltr'>a</span> <span class='ocrx_word' id='word_1_18' title='bbox 1115 1131 1355 1228; x_wconf 91' lang='lat' dir='ltr'>populo</span> <span class='ocrx_word' id='word_1_19' title='bbox 1429 1132 1717 1203; x_wconf 88' lang='lat' dir='ltr'>maximo</span> <span class='ocrx_word' id='word_1_20' title='bbox 1784 1153 1938 1201; x_wconf 89' lang='lat' dir='ltr'>cum</span> <span class='ocrx_word' id='word_1_21' title='bbox 1999 1130 2317 1225; x_wconf 82' lang='lat' dir='ltr'>applausu</span> <span class='ocrx_word' id='word_1_22' title='bbox 2388 1133 2681 1228; x_wconf 86' lang='lat' dir='ltr'>accepti,</span> 
     </span>
     <span class='ocr_line' id='line_1_5' title="bbox 579 1275 2685 1383; baseline -0.001 -23"><span class='ocrx_word' id='word_1_23' title='bbox 579 1290 861 1383; x_wconf 82' lang='lat' dir='ltr'>chorago</span> <span class='ocrx_word' id='word_1_24' title='bbox 911 1287 1240 1381; x_wconf 82' lang='lat' dir='ltr'>praesenti</span> <span class='ocrx_word' id='word_1_25' title='bbox 1284 1287 1711 1380; x_wconf 82' lang='lat' dir='ltr'>gravissimae</span> <span class='ocrx_word' id='word_1_26' title='bbox 1763 1275 1951 1356; x_wconf 83' lang='lat' dir='ltr'>erant</span> <span class='ocrx_word' id='word_1_27' title='bbox 2008 1283 2285 1378; x_wconf 86' lang='lat' dir='ltr'>injuriae</span> <span class='ocrx_word' id='word_1_28' title='bbox 2317 1284 2393 1378; x_wconf 89' lang='lat'>¹).</span> <span class='ocrx_word' id='word_1_29' title='bbox 2495 1284 2685 1357; x_wconf 89' lang='lat' dir='ltr'>Prae·</span> 
     </span>
     <span class='ocr_line' id='line_1_6' title="bbox 577 1438 2686 1538; baseline -0.002 -24"><span class='ocrx_word' id='word_1_30' title='bbox 577 1450 757 1514; x_wconf 89' lang='lat' dir='ltr'>terea</span> <span class='ocrx_word' id='word_1_31' title='bbox 817 1441 1190 1538; x_wconf 82' lang='lat' dir='ltr'>sumptibus</span> <span class='ocrx_word' id='word_1_32' title='bbox 1250 1446 1596 1534; x_wconf 88' lang='lat' dir='ltr'>parcentes</span> <span class='ocrx_word' id='word_1_33' title='bbox 1663 1438 1932 1532; x_wconf 81' lang='lat' dir='ltr'>choragi</span> <span class='ocrx_word' id='word_1_34' title='bbox 2004 1460 2074 1507; x_wconf 89' lang='lat' dir='ltr'>se</span> <span class='ocrx_word' id='word_1_35' title='bbox 2141 1438 2318 1533; x_wconf 89' lang='lat' dir='ltr'>ipsos</span> <span class='ocrx_word' id='word_1_36' title='bbox 2370 1439 2686 1510; x_wconf 89' lang='lat' dir='ltr'>victoriae</span> 
     </span>
     <span class='ocr_line' id='line_1_7' title="bbox 576 1592 2686 1690; baseline -0.001 -22"><span class='ocrx_word' id='word_1_37' title='bbox 576 1600 643 1668; x_wconf 91' lang='lat' dir='ltr'>in</span> <span class='ocrx_word' id='word_1_38' title='bbox 714 1595 1060 1667; x_wconf 90' lang='lat' dir='ltr'>chororum</span> <span class='ocrx_word' id='word_1_39' title='bbox 1127 1596 1486 1666; x_wconf 83' lang='lat' dir='ltr'>certamine</span> <span class='ocrx_word' id='word_1_40' title='bbox 1553 1599 1921 1690; x_wconf 83' lang='lat' dir='ltr'>reportatae</span> <span class='ocrx_word' id='word_1_41' title='bbox 1990 1592 2199 1688; x_wconf 81' lang='lat' dir='ltr'>gloria</span> <span class='ocrx_word' id='word_1_42' title='bbox 2258 1600 2327 1664; x_wconf 90' lang='lat' dir='ltr'>et</span> <span class='ocrx_word' id='word_1_43' title='bbox 2375 1593 2686 1689; x_wconf 89' lang='lat' dir='ltr'>praemiis</span> 
     </span>
     <span class='ocr_line' id='line_1_8' title="bbox 571 1746 2677 1851; baseline -0.001 -28"><span class='ocrx_word' id='word_1_44' title='bbox 571 1749 935 1846; x_wconf 86' lang='lat' dir='ltr'>privabant,</span> <span class='ocrx_word' id='word_1_45' title='bbox 980 1749 1062 1851; x_wconf 93' lang='lat' dir='ltr'>de</span> <span class='ocrx_word' id='word_1_46' title='bbox 1105 1771 1384 1844; x_wconf 87' lang='lat' dir='ltr'>quorum</span> <span class='ocrx_word' id='word_1_47' title='bbox 1426 1754 1763 1820; x_wconf 89' lang='lat' dir='ltr'>momento</span> <span class='ocrx_word' id='word_1_48' title='bbox 1805 1747 1973 1818; x_wconf 87' lang='lat' dir='ltr'>infra</span> <span class='ocrx_word' id='word_1_49' title='bbox 2010 1746 2340 1841; x_wconf 85' lang='lat' dir='ltr'>copiosius</span> <span class='ocrx_word' id='word_1_50' title='bbox 2383 1771 2677 1843; x_wconf 69' lang='lat' dir='ltr'>agemus</span> 
     </span>
    </p>

    <p class='ocr_par' dir='ltr' id='par_1_3' title="bbox 498 1900 2684 2768">
     <span class='ocr_line' id='line_1_9' title="bbox 668 1900 2684 1999; baseline 0 -26"><span class='ocrx_word' id='word_1_51' title='bbox 668 1903 968 1975; x_wconf 86' lang='lat' dir='ltr'>Vidimus</span> <span class='ocrx_word' id='word_1_52' title='bbox 1061 1926 1218 1998; x_wconf 83' lang='lat' dir='ltr'>ergo</span> <span class='ocrx_word' id='word_1_53' title='bbox 1311 1904 1393 1973; x_wconf 92' lang='lat' dir='ltr'>de</span> <span class='ocrx_word' id='word_1_54' title='bbox 1484 1904 1597 1990; x_wconf 88' lang='lat' dir='ltr'>iis,</span> <span class='ocrx_word' id='word_1_55' title='bbox 1685 1925 1854 1999; x_wconf 90' lang='lat' dir='ltr'>quae</span> <span class='ocrx_word' id='word_1_56' title='bbox 1929 1900 2216 1995; x_wconf 81' lang='lat' dir='ltr'>chorago</span> <span class='ocrx_word' id='word_1_57' title='bbox 2291 1901 2684 1997; x_wconf 87' lang='lat' dir='ltr'>praestanda</span> 
     </span>
     <span class='ocr_line' id='line_1_10' title="bbox 574 2054 2679 2152; baseline -0 -25"><span class='ocrx_word' id='word_1_58' title='bbox 574 2058 820 2129; x_wconf 84' lang='lat' dir='ltr'>fuerint</span> <span class='ocrx_word' id='word_1_59' title='bbox 894 2056 1107 2149; x_wconf 87' lang='lat' dir='ltr'>deque</span> <span class='ocrx_word' id='word_1_60' title='bbox 1183 2055 1588 2151; x_wconf 89' lang='lat' dir='ltr'>sumptibus,</span> <span class='ocrx_word' id='word_1_61' title='bbox 1666 2080 1829 2152; x_wconf 90' lang='lat' dir='ltr'>quos</span> <span class='ocrx_word' id='word_1_62' title='bbox 1920 2054 2298 2150; x_wconf 87' lang='lat' dir='ltr'>impendere</span> <span class='ocrx_word' id='word_1_63' title='bbox 2374 2056 2679 2128; x_wconf 90' lang='lat' dir='ltr'>debebat:</span> 
     </span>
     <span class='ocr_line' id='line_1_11' title="bbox 574 2170 2683 2306; baseline 0 -25"><span class='ocrx_word' id='word_1_64' title='bbox 574 2209 812 2304; x_wconf 90' lang='lat' dir='ltr'>quibus</span> <span class='ocrx_word' id='word_1_65' title='bbox 877 2170 1065 2279; x_wconf 83' lang='lat' dir='ltr'>nobis</span> <span class='ocrx_word' id='word_1_66' title='bbox 1131 2208 1438 2303; x_wconf 90' lang='lat' dir='ltr'>probasse</span> <span class='ocrx_word' id='word_1_67' title='bbox 1503 2211 1835 2297; x_wconf 88' lang='lat' dir='ltr'>videmur,</span> <span class='ocrx_word' id='word_1_68' title='bbox 1905 2232 1982 2278; x_wconf 89' lang='lat' dir='ltr'>ea</span> <span class='ocrx_word' id='word_1_69' title='bbox 2047 2232 2460 2306; x_wconf 86' lang='lat' dir='ltr'>nequaquam</span> <span class='ocrx_word' id='word_1_70' title='bbox 2514 2211 2683 2283; x_wconf 89' lang='lat' dir='ltr'>levia</span> 
     </span>
     <span class='ocr_line' id='line_1_12' title="bbox 498 2361 2681 2462; baseline 0.002 -30"><span class='ocrx_word' id='word_1_71' title='bbox 498 2434 503 2441; x_wconf 74' lang='grc'><em>,</em></span> <span class='ocrx_word' id='word_1_72' title='bbox 574 2363 799 2434; x_wconf 84' lang='lat' dir='ltr'>fuisse.</span> <span class='ocrx_word' id='word_1_73' title='bbox 903 2361 1159 2447; x_wconf 82' lang='lat' dir='ltr'>Quibus</span> <span class='ocrx_word' id='word_1_74' title='bbox 1235 2362 1594 2433; x_wconf 91' lang='lat' dir='ltr'>commodis</span> <span class='ocrx_word' id='word_1_75' title='bbox 1669 2365 1782 2435; x_wconf 93' lang='lat' dir='ltr'>illa</span> <span class='ocrx_word' id='word_1_76' title='bbox 1848 2388 2010 2436; x_wconf 89' lang='lat' dir='ltr'>cura</span> <span class='ocrx_word' id='word_1_77' title='bbox 2075 2365 2298 2460; x_wconf 91' lang='lat' dir='ltr'>illique</span> <span class='ocrx_word' id='word_1_78' title='bbox 2374 2370 2681 2462; x_wconf 86' lang='lat' dir='ltr'>sumptus</span> 
     </span>
     <span class='ocr_line' id='line_1_13' title="bbox 576 2516 2679 2613; baseline 0.001 -28"><span class='ocrx_word' id='word_1_79' title='bbox 576 2522 1184 2611; x_wconf 85' lang='lat' dir='ltr'>compensarentur,</span> <span class='ocrx_word' id='word_1_80' title='bbox 1238 2539 1562 2611; x_wconf 89' lang='lat' dir='ltr'>quaenam</span> <span class='ocrx_word' id='word_1_81' title='bbox 1605 2519 1672 2587; x_wconf 89' lang='lat' dir='ltr'>in</span> <span class='ocrx_word' id='word_1_82' title='bbox 1718 2541 1931 2613; x_wconf 81' lang='lat' dir='ltr'>agone</span> <span class='ocrx_word' id='word_1_83' title='bbox 1974 2518 2241 2613; x_wconf 84' lang='lat' dir='ltr'>choragi</span> <span class='ocrx_word' id='word_1_84' title='bbox 2283 2516 2679 2590; x_wconf 84' lang='lat' dir='ltr'>honorificae</span> 
     </span>
     <span class='ocr_line' id='line_1_14' title="bbox 571 2671 2680 2768; baseline 0 -28"><span class='ocrx_word' id='word_1_85' title='bbox 571 2675 789 2765; x_wconf 87' lang='lat' dir='ltr'>partes</span> <span class='ocrx_word' id='word_1_86' title='bbox 850 2676 1071 2740; x_wconf 89' lang='lat' dir='ltr'>essent</span> <span class='ocrx_word' id='word_1_87' title='bbox 1115 2671 1180 2740; x_wconf 90' lang='lat' dir='ltr'>in</span> <span class='ocrx_word' id='word_1_88' title='bbox 1241 2674 1540 2765; x_wconf 86' lang='lat' dir='ltr'>sequenti</span> <span class='ocrx_word' id='word_1_89' title='bbox 1593 2680 1817 2744; x_wconf 86' lang='lat' dir='ltr'>nostra</span> <span class='ocrx_word' id='word_1_90' title='bbox 1860 2674 2314 2768; x_wconf 87' lang='lat' dir='ltr'>disquisitione</span> <span class='ocrx_word' id='word_1_91' title='bbox 2359 2693 2680 2765; x_wconf 86' lang='lat' dir='ltr'>exponere</span> 
     </span>
    </p>
   </div>
   <div class='ocr_carea' id='block_1_3' title="bbox 572 2823 972 2895">
    <p class='ocr_par' dir='ltr' id='par_1_4' title="bbox 572 2823 972 2895">
     <span class='ocr_line' id='line_1_15' title="bbox 572 2823 972 2895; baseline -0.008 0"><span class='ocrx_word' id='word_1_92' title='bbox 572 2823 972 2895; x_wconf 88' lang='lat' dir='ltr'>conabimur.</span> 
     </span>
    </p>
   </div>
   <div class='ocr_carea' id='block_1_4' title="bbox 1490 2988 1778 2995">
    <p class='ocr_par' dir='ltr' id='par_1_5' title="bbox 1490 2988 1778 2995">
     <span class='ocr_line' id='line_1_16' title="bbox 1490 2988 1778 2995; baseline 0.003 -1"><span class='ocrx_word' id='word_1_93' title='bbox 1490 2989 1503 2992; x_wconf 96' lang='lat'><em>-</em></span> <span class='ocrx_word' id='word_1_94' title='bbox 1544 2988 1778 2995; x_wconf 66' lang='lat'>————-</span> 
     </span>
    </p>
   </div>
   <div class='ocr_carea' id='block_1_5' title="bbox 1033 3117 2207 3225">
    <p class='ocr_par' dir='ltr' id='par_1_6' title="bbox 1033 3117 2207 3225">
     <span class='ocr_line' id='line_1_17' title="bbox 1033 3117 2207 3225; baseline 0 -26"><span class='ocrx_word' id='word_1_95' title='bbox 1033 3117 1185 3225; x_wconf 59' lang='lat'>{7-</span> <span class='ocrx_word' id='word_1_96' title='bbox 1270 3152 1358 3202; x_wconf 84' lang='lat' dir='ltr'>DE</span> <span class='ocrx_word' id='word_1_97' title='bbox 1412 3152 1716 3203; x_wconf 79' lang='lat' dir='ltr'>GHORAffl</span> <span class='ocrx_word' id='word_1_98' title='bbox 1771 3150 2207 3202; x_wconf 78' lang='lat' dir='ltr'>CONDITloNE.</span> 
     </span>
    </p>
   </div>
   <div class='ocr_carea' id='block_1_6' title="bbox 563 3324 2677 4037">
    <p class='ocr_par' dir='ltr' id='par_1_7' title="bbox 563 3324 2677 4037">
     <span class='ocr_line' id='line_1_18' title="bbox 669 3324 2675 3421; baseline 0.001 -28"><span class='ocrx_word' id='word_1_99' title='bbox 669 3325 738 3394; x_wconf 91' lang='lat' dir='ltr'>ln</span> <span class='ocrx_word' id='word_1_100' title='bbox 792 3324 1045 3397; x_wconf 91' lang='lat' dir='ltr'>Libanii</span> <span class='ocrx_word' id='word_1_101' title='bbox 1100 3326 1447 3421; x_wconf 88' lang='lat' dir='ltr'>hypothesi</span> <span class='ocrx_word' id='word_1_102' title='bbox 1502 3326 1582 3396; x_wconf 91' lang='lat' dir='ltr'>ad</span> <span class='ocrx_word' id='word_1_103' title='bbox 1626 3327 1985 3398; x_wconf 89' lang='lat' dir='ltr'>Midianam</span> <span class='ocrx_word' id='word_1_104' title='bbox 2027 3324 2487 3398; x_wconf 89' lang='lat' dir='ltr'>Demosthenis</span> <span class='ocrx_word' id='word_1_105' title='bbox 2536 3347 2675 3395; x_wconf 90' lang='lat' dir='ltr'>ora-</span> 
     </span>
     <span class='ocr_line' id='line_1_19' title="bbox 568 3456 2677 3573; baseline -0 -24"><span class='ocrx_word' id='word_1_106' title='bbox 568 3481 814 3551; x_wconf 89' lang='lat' dir='ltr'>tionem</span> <span class='ocrx_word' id='word_1_107' title='bbox 857 3457 1128 3573; x_wconf 83' lang='lat' dir='ltr'>choragi</span> <span class='ocrx_word' id='word_1_108' title='bbox 1178 3479 1342 3550; x_wconf 90' lang='lat' dir='ltr'>haec</span> <span class='ocrx_word' id='word_1_109' title='bbox 1394 3481 1589 3552; x_wconf 90' lang='lat' dir='ltr'>datur</span> <span class='ocrx_word' id='word_1_110' title='bbox 1639 3480 1964 3567; x_wconf 87' lang='lat' dir='ltr'>definitio,</span> <span class='ocrx_word' id='word_1_111' title='bbox 2017 3503 2169 3558; x_wconf 88' lang='lat' dir='ltr'>eum</span> <span class='ocrx_word' id='word_1_112' title='bbox 2220 3481 2455 3551; x_wconf 83' lang='lat' dir='ltr'>fuisse:</span> <span class='ocrx_word' id='word_1_113' title='bbox 2499 3456 2677 3551; x_wconf 54' lang='grc' dir='ltr'>»τὸν</span> 
     </span>
     <span class='ocr_line' id='line_1_20' title="bbox 563 3631 2671 3721; baseline -0 -17"><span class='ocrx_word' id='word_1_114' title='bbox 563 3642 650 3704; x_wconf 70' lang='grc' dir='ltr'>τὰ</span> <span class='ocrx_word' id='word_1_115' title='bbox 695 3641 1095 3719; x_wconf 66' lang='grc' dir='ltr'><em>ἀναλώματα</em></span> <span class='ocrx_word' id='word_1_116' title='bbox 1140 3639 1502 3721; x_wconf 70' lang='grc' dir='ltr'><em>παρέχονται</em></span> <span class='ocrx_word' id='word_1_117' title='bbox 1547 3640 1633 3704; x_wconf 67' lang='grc' dir='ltr'>τὰ</span> <span class='ocrx_word' id='word_1_118' title='bbox 1690 3640 1826 3719; x_wconf 79' lang='grc' dir='ltr'>περὶ</span> <span class='ocrx_word' id='word_1_119' title='bbox 1874 3640 1975 3704; x_wconf 79' lang='grc' dir='ltr'>τὸν</span> <span class='ocrx_word' id='word_1_120' title='bbox 2020 3635 2273 3719; x_wconf 79' lang='grc' dir='ltr'><em>χορόν”,</em></span> <span class='ocrx_word' id='word_1_121' title='bbox 2337 3636 2406 3701; x_wconf 79' lang='lat' dir='ltr'>et</span> <span class='ocrx_word' id='word_1_122' title='bbox 2470 3631 2671 3705; x_wconf 75' lang='lat' dir='ltr'>talem</span> 
     </span>
     <span class='ocr_line' id='line_1_21' title="bbox 568 3785 2670 3879; baseline 0.001 -26"><span class='ocrx_word' id='word_1_123' title='bbox 568 3786 833 3856; x_wconf 90' lang='lat' dir='ltr'>omnino</span> <span class='ocrx_word' id='word_1_124' title='bbox 898 3787 1221 3858; x_wconf 88' lang='lat' dir='ltr'>hactenus</span> <span class='ocrx_word' id='word_1_125' title='bbox 1281 3808 1434 3855; x_wconf 86' lang='lat' dir='ltr'>eum</span> <span class='ocrx_word' id='word_1_126' title='bbox 1487 3786 1946 3879; x_wconf 77' lang='lat' dir='ltr'>cognovimus3</span> <span class='ocrx_word' id='word_1_127' title='bbox 2000 3785 2114 3855; x_wconf 91' lang='lat' dir='ltr'>sed</span> <span class='ocrx_word' id='word_1_128' title='bbox 2164 3786 2329 3858; x_wconf 90' lang='lat' dir='ltr'>haec</span> <span class='ocrx_word' id='word_1_129' title='bbox 2378 3785 2670 3857; x_wconf 87' lang='lat' dir='ltr'>definitio</span> 
     </span>
     <span class='ocr_line' id='line_1_22' title="bbox 568 3936 2061 4037; baseline 0.002 -31"><span class='ocrx_word' id='word_1_130' title='bbox 568 3936 854 4008; x_wconf 82' lang='lat' dir='ltr'>multum</span> <span class='ocrx_word' id='word_1_131' title='bbox 907 3940 1120 4027; x_wconf 87' lang='lat' dir='ltr'>abest,</span> <span class='ocrx_word' id='word_1_132' title='bbox 1173 3945 1249 4010; x_wconf 91' lang='lat' dir='ltr'>ut</span> <span class='ocrx_word' id='word_1_133' title='bbox 1297 3941 1516 4010; x_wconf 90' lang='lat' dir='ltr'>omnia</span> <span class='ocrx_word' id='word_1_134' title='bbox 1567 3943 2061 4037; x_wconf 88' lang='lat' dir='ltr'>complectatur.</span> 
     </span>
    </p>
   </div>
   <div class='ocr_carea' id='block_1_7' title="bbox 665 4089 2667 4188">
    <p class='ocr_par' dir='ltr' id='par_1_8' title="bbox 665 4089 2667 4188">
     <span class='ocr_line' id='line_1_23' title="bbox 665 4089 2667 4188; baseline 0.002 -29"><span class='ocrx_word' id='word_1_135' title='bbox 665 4089 700 4158; x_wconf 87' lang='lat' dir='ltr'>J</span> <span class='ocrx_word' id='word_1_136' title='bbox 706 4113 812 4160; x_wconf 91' lang='lat' dir='ltr'>am</span> <span class='ocrx_word' id='word_1_137' title='bbox 842 4093 1203 4186; x_wconf 88' lang='lat' dir='ltr'>antiquitus</span> <span class='ocrx_word' id='word_1_138' title='bbox 1229 4092 1539 4188; x_wconf 84' lang='lat' dir='ltr'>choragia</span> <span class='ocrx_word' id='word_1_139' title='bbox 1564 4117 1669 4164; x_wconf 89' lang='lat' dir='ltr'>res</span> <span class='ocrx_word' id='word_1_140' title='bbox 1695 4100 1868 4181; x_wconf 86' lang='lat' dir='ltr'>erat,</span> <span class='ocrx_word' id='word_1_141' title='bbox 1912 4116 2109 4188; x_wconf 91' lang='lat' dir='ltr'>quam</span> <span class='ocrx_word' id='word_1_142' title='bbox 2138 4094 2330 4164; x_wconf 90' lang='lat' dir='ltr'>multi</span> <span class='ocrx_word' id='word_1_143' title='bbox 2357 4093 2667 4187; x_wconf 89' lang='lat' dir='ltr'>consequi</span> 
     </span>
    </p>
   </div>
   <div class='ocr_carea' id='block_1_8' title="bbox 570 4270 915 4282">
    <p class='ocr_par' dir='ltr' id='par_1_9' title="bbox 570 4270 915 4282">
     <span class='ocr_line' id='line_1_24' title="bbox 570 4270 915 4282; baseline 0 0"><span class='ocrx_word' id='word_1_144' title='bbox 570 4270 915 4282; x_wconf 95' lang='lat' dir='ltr'> </span> 
     </span>
    </p>
   </div>
   <div class='ocr_carea' id='block_1_9' title="bbox 642 4366 2115 4432">
    <p class='ocr_par' dir='ltr' id='par_1_10' title="bbox 642 4366 2115 4432">
     <span class='ocr_line' id='line_1_25' title="bbox 642 4366 2115 4432; baseline 0.001 -16"><span class='ocrx_word' id='word_1_145' title='bbox 642 4367 690 4424; x_wconf 92' lang='lat' dir='ltr'>l)</span> <span class='ocrx_word' id='word_1_146' title='bbox 726 4366 821 4416; x_wconf 78' lang='lat' dir='ltr'>Off.</span> <span class='ocrx_word' id='word_1_147' title='bbox 858 4382 902 4416; x_wconf 85' lang='lat' dir='ltr'>e.</span> <span class='ocrx_word' id='word_1_148' title='bbox 922 4384 968 4431; x_wconf 86' lang='lat' dir='ltr'>g.</span> <span class='ocrx_word' id='word_1_149' title='bbox 1010 4367 1360 4431; x_wconf 80' lang='lat' dir='ltr'>Aristophanis</span> <span class='ocrx_word' id='word_1_150' title='bbox 1397 4372 1774 4432; x_wconf 78' lang='lat' dir='ltr'>Achai-nenses,</span> <span class='ocrx_word' id='word_1_151' title='bbox 1815 4376 1967 4431; x_wconf 87' lang='lat'><strong>1154,</strong></span> <span class='ocrx_word' id='word_1_152' title='bbox 2003 4369 2115 4419; x_wconf 70' lang='lat' dir='ltr'>alia.</span> 
     </span>
    </p>
   </div>
  </div>
 </body>
</html>
