3414 5176
1574 506 1619 553 v)
1628 506 1657 575 ¹

1546 574 1555 584 ⁸
1579 556 1618 576 fi-

574 761 725 817 rum
766 740 998 809 sistere
1048 736 1450 832 neglexerat,
1493 736 1590 804 sic
1638 735 1839 803 etiam
1892 732 2324 828 choragorum
2376 737 2514 807 sive
2566 736 2682 806 mi-

575 924 695 971 nor
746 900 886 971 sive
918 897 1125 992 major
1167 917 1485 967 numerus
1526 892 1854 989 pendebat
1903 917 1940 965 e
1989 917 2263 966 numero
2314 903 2679 992 poetarum,

573 1063 689 1155 qui
757 1059 1010 1131 fabulas
1078 1056 1334 1128 docturi
1403 1055 1576 1151 apud
1645 1054 2025 1126 archontem
2087 1057 2355 1127 nomina
2406 1057 2679 1152 professi

575 1224 805 1311 forent.
907 1219 1251 1314 Nusquam
1326 1214 1502 1286 enim
1570 1214 1879 1310 legimus,
1947 1221 2173 1311 poetas
2241 1216 2674 1289 Athenienses

574 1385 638 1455 vi
706 1387 969 1454 coactos
1028 1377 1232 1450 fuisse
1280 1399 1541 1471 quoque
1601 1398 1773 1449 anno
1834 1373 2089 1449 fabulas
2157 1374 2408 1448 docere.
2512 1377 2682 1448 Fieri

575 1544 781 1639 igitur
846 1539 1083 1639 potuit,
1151 1544 1226 1610 ut
1289 1537 1506 1632 aliquo
1557 1537 1829 1609 deorum
1897 1534 2064 1608 festo
2130 1536 2323 1608 solito
2374 1537 2684 1632 pauciora

571 1706 870 1775 dramata
954 1699 1380 1785 offerrentur,
1480 1699 1549 1769 in
1650 1720 1918 1768 scenam
1994 1694 2384 1769 inducenda.
2489 1697 2678 1769 Unde

568 1863 939 1937 necessario
1047 1859 1446 1957 sequebatur
1555 1857 1975 1954 paucioribus
2075 1859 2277 1930 etiam
2378 1857 2682 1953 choragis

574 2048 738 2120 opus
798 2044 964 2095 esse.
1052 2018 1468 2090 Florentibus
1535 2024 1762 2089 tamen
1831 2020 1897 2089 in
1973 2042 2043 2091 re
2111 2019 2373 2117 publica
2434 2018 2679 2090 litteris

569 2207 678 2285 res
726 2206 859 2255 non
911 2204 1107 2276 saepe
1155 2180 1251 2255 ita
1301 2202 1372 2251 se
1421 2179 1732 2253 habuisse
1784 2180 2076 2275 putanda
2129 2142 2250 2251 est.

672 2344 768 2414 De
845 2341 1040 2413 solito
1106 2346 1446 2436 poetarum
1509 2338 1908 2434 tragicorum
1977 2347 2044 2410 et
2103 2340 2502 2411 comicorum
2564 2364 2681 2411 nu·

576 2525 756 2574 mero
798 2501 918 2574 viri
962 2499 1135 2569 docti
1173 2497 1589 2570 dissentiunt.
1663 2496 2102 2571 Schneiderus
2125 2499 2202 2596 ¹),
2242 2497 2571 2598 Sauppius
2599 2499 2680 2596 ²),

574 2664 682 2735 alii
749 2662 830 2732 de
891 2660 1096 2732 ternis
1148 2659 1492 2754 utriusque
1544 2661 1805 2754 generis
1854 2661 2066 2757 poetis
2117 2662 2434 2756 cogitant3
2486 2658 2680 2731 Boec-

573 2825 772 2896 khiu‘s
823 2827 890 2892 et
941 2822 1053 2915 qui
1097 2843 1249 2892 eum
1287 2826 1676 2913 sequuntur,
1722 2822 1957 2917 quinos
1995 2827 2223 2917 poetas
2266 2822 2552 2894 comicos
2585 2826 2678 2890 to-

570 2984 907 3078 tidemque
958 2981 1245 3075 tragicos
1296 2986 1633 3052 certamen
1685 2982 1911 3052 iniisse
1965 2989 2262 3052 censent.

563 3231 570 3237 ·
670 3144 880 3238 Hujus
944 3142 1071 3213 loci
1134 3165 1262 3212 non
1314 3147 1416 3211 est
1467 3141 1640 3211 hanc
1691 3164 1831 3211 rem
1885 3146 2191 3211 accurate
2242 3138 2679 3235 perpendere;

575 3303 700 3374 hoc
748 3308 1008 3374 tantum
1060 3302 1354 3373 effecisse
1397 3299 1559 3372 mihi
1612 3300 1935 3388 sufficiet,
1988 3300 2423 3395 choragorum
2459 3322 2684 3371 nume-

575 3490 743 3537 rum·
798 3465 1072 3535 minime
1146 3467 1558 3533 constantem
1634 3460 1861 3548 fuisse,
1929 3485 2327 3557 quamquam
2373 3460 2681 3531 denarius

576 3776 1066 3833 Stammvorstehern
1092 3782 1252 3833 Streit
1276 3782 1508 3833 entstand
1533 3781 1639 3830 und
1666 3782 2030 3835 Demosthenes
2056 3785 2138 3836 die
2164 3781 2409 3846 Choregie
2430 3769 2682 3844 freiw'illig

581 3873 916 3940 ubernahm”;
956 3886 1104 3945 atque
1149 3880 1220 3931 ibi
1257 3879 1513 3930 annotatio
1553 3881 1624 3930 *de
1660 3879 1813 3930 variis
1856 3881 2047 3943 medie,
2097 3882 2276 3945 quibus
2307 3881 2431 3931 haec
2464 3878 2617 3929 verba
2648 3891 2681 3925 a

576 3971 697 4020 viris
727 3972 885 4024 doctis
909 3977 1238 4040 explicantur.
1849 3957 1860 3963 -

648 4088 950 4153 1)Vd.l.1.
984 4108 1032 4156 p.
1058 4099 1153 4154 34,
1196 4096 1287 4144 170
1320 4109 1429 4159 sqq.

644 4188 704 4258 2)
743 4189 846 4238 Vd.
882 4189 988 4251 ejus
1023 4190 1389 4243 Commentatio
1423 4192 1485 4242 de
1519 4191 1763 4242 electione
1788 4191 2016 4253 judicum
2051 4191 2103 4241 in
2136 4187 2489 4240 certaminibus
2527 4189 2674 4239 musi·

578 4290 673 4349 cis,
711 4305 758 4352 p.
796 4290 1003 4337 16-22.
