3414 5176
1754 568 1840 637 78

751 807 858 871 tae
933 797 1164 868 falsam
1239 795 1320 864 de
1387 795 1626 865 scenici
1705 795 2085 866 certaminis
2160 801 2397 865 natura
2461 795 2640 867 nacti
2705 796 2837 867 sint

748 951 1120 1050 opinionem
1142 1005 1159 1039 ,
1208 948 1320 1022 hic
1369 948 1835 1037 statuendum,
1903 950 1959 1021 si
2020 971 2246 1020 eorum
2297 947 2491 1020 effata
2542 972 2697 1021 cum
2745 950 2838 1044 ip-

748 1130 970 1180 sorum
1036 1112 1336 1179 veterum
1391 1109 1694 1199 pugnent
1756 1104 2190 1191 testimoniiS‚
2240 1102 2493 1176 nullam
2542 1103 2676 1175 illis
2725 1103 2839 1175 ha·

744 1261 1026 1334 bendam
1094 1283 1239 1332 esse
1310 1259 1530 1330 fldem.
1635 1257 1854 1332 Pauca
1917 1265 2181 1331 tantum
2246 1281 2391 1330 esse
2457 1258 2539 1329 de
2587 1257 2713 1329 hac
2761 1279 2836 1328 re

743 1421 1043 1490 veterum
1087 1415 1463 1486 testimonia
1486 1469 1501 1500 ,
1560 1413 1805 1485 mirum
1845 1437 1976 1486 non
2018 1419 2121 1485 est
2141 1468 2157 1500 ‚
2226 1437 2432 1508 quum
2481 1413 2551 1483 in
2604 1434 2837 1507 aequa-

743 1572 909 1643 lium
975 1591 1134 1640 sane
1211 1592 1407 1640 usum
1467 1590 1633 1662 opus
1698 1568 1781 1638 iis
1847 1592 1977 1639 non
2030 1566 2232 1638 fuerit
2297 1591 2439 1639 rem
2507 1567 2835 1662 copiosius

743 1724 1064 1820 explicare
1088 1777 1103 1808 ,
1154 1746 1406 1818 neque,
1475 1720 2027 1817 quemadmodum
2079 1720 2508 1809 scholiastae,
2562 1722 2834 1817 scripse·

741 1880 910 1965 rint,
964 1884 1040 1950 ut
1088 1883 1383 1972 posteros
1433 1877 1515 1946 de
1564 1875 1762 1946 rebus
1815 1877 2094 1946 scenicis
2153 1875 2446 1948 facerent
2495 1877 2827 1947 certiores.

739 2034 812 2103 In
846 2029 1279 2126 choragorum
1318 2038 1538 2103 autem
1597 2030 1824 2103 litibus
1867 2030 2067 2124 inque
2119 2024 2604 2102 comoediarum
2652 2054 2834 2127 para-

736 2185 1002 2260 basibus
1036 2185 1272 2258 horum
1323 2185 1807 2281 tangendorum
1840 2186 2294 2281 opportunitas
2336 2207 2831 2279 nonnumquam

737 2339 1144 2412 offerebatur.
1225 2340 1472 2412 Comici
1513 2341 1719 2434 igitur
1771 2347 1968 2435 atque
1993 2343 2298 2412 oratores
2325 2339 2609 2411 adeundi
2652 2345 2828 2411 sunt.

832 2494 906 2564 In
957 2514 1129 2580 un0‚
1181 2517 1378 2587 quem
1448 2518 1646 2588 supra
1706 2496 1844 2590 jam
1911 2496 2300 2580 citavimUS‚
2378 2493 2830 2592 Aristophanis

736 2650 910 2736 locO,
963 2649 1286 2732 indicavi,
1355 2649 1587 2720 comici
1639 2648 1874 2737 verba,
1926 2672 2095 2743 quae
2145 2649 2357 2743 primo
2400 2654 2669 2744 aspectu
2711 2673 2828 2745 pro

738 2802 996 2898 vulgari
1048 2803 1129 2873 de
1180 2803 1439 2874 scenico
1490 2803 1852 2873 certamine
1903 2804 2207 2899 opinione
2258 2802 2542 2873 militare
2609 2803 2831 2875 viden-

734 2967 881 3046 tur,
958 2957 1065 3030 vix
1141 2957 1397 3053 proprio
1472 2980 1670 3027 sensu
1747 2957 2176 3052 intelligenda
2251 2980 2396 3027 esse
2457 2958 2533 3052 ¹).
2651 2956 2827 3028 Nihil

734 3114 913 3186 enim
954 3111 1420 3202 dubitandum,
1464 3112 1624 3207 quin
1660 3134 1777 3205 per
1810 3107 2261 3207 metaphoram
2303 3111 2566 3183 licuerit
2597 3119 2828 3209 poetae

735 3268 991 3354 dicere,
1044 3290 1114 3337 se
1170 3267 1443 3352 vicisse,
1495 3267 1548 3336 si
1602 3291 1726 3338 sua
1777 3290 1930 3338 cum
1983 3247 2204 3337 fabula
2255 3263 2494 3338 chorus
2540 3267 2821 3339 vicisset.

833 3420 1109 3493 Exstant
1152 3426 1378 3492 autem
1428 3422 1767 3494 luculenta
1812 3445 1887 3493 ac
1923 3423 2268 3516 perspicua
2305 3430 2604 3494 veterum
2651 3424 2828 3493 testi-

734 3578 991 3663 monia,
1051 3600 1088 3647 e
1154 3577 1393 3672 quibus
1460 3583 1767 3673 apparet,
1822 3577 2316 3648 commissiones
2368 3578 2663 3649 scenicas
2712 3575 2824 3647 ha-

731 3729 945 3803 benda
996 3752 1140 3801 esse
1190 3732 1551 3803 certamina
1615 3733 1910 3806 tribuum
1962 3732 2494 3819 Atheniensium,
2547 3755 2827 3827 quarum

733 3909 1033 3984 quaeque
1067 3885 1341 3958 chorum
1377 3887 1654 3958 stitisset
1688 3896 1757 3959 et
1799 3889 2161 3984 choragum
2186 3888 2570 3976 creavisset3
2598 3894 2824 3984 poetas

801 4243 852 4309 l)
888 4246 1078 4309 LocuS‚
1114 4248 1179 4299 ad
1210 4264 1361 4315 quem
1395 4259 1584 4317 specto,
1634 4259 1709 4304 est
1750 4250 2004 4316 Aristoph.
2055 4251 2188 4303 Nub.
2225 4267 2297 4304 vs·
2327 4257 2451 4316 520,
2485 4267 2633 4319 quem
2668 4251 2818 4304 citavi

729 4343 878 4412 hujus
910 4353 1203 4408 comment„
1241 4364 1286 4413 p.
1308 4354 1388 4401 45.
