3414 5176
1604 587 1692 656 67

600 817 933 912 periamus
982 814 1239 900 locum,
1293 813 1449 886 huic
1497 813 1865 909 quaestioni
1910 836 1947 883 a
1987 812 2455 884 recentioribus
2496 816 2696 889 variis

603 975 816 1048 modis
876 997 1267 1071 responsum
1325 981 1446 1045 est.
1550 974 1918 1047 Boeckhius
1985 995 2131 1059 nos
2169 972 2396 1060 docet,
2449 972 2695 1047 Salma-

601 1139 773 1209 sium
833 1138 970 1233 jam
1031 1142 1330 1231 putasse,
1400 1135 1763 1231 choragum
1813 1135 2017 1207 totius
2065 1133 2204 1205 ludi
2254 1139 2558 1230 sumptus
2606 1135 2694 1206 fe-

597 1297 803 1387 cisse,
874 1298 1231 1370 Heraldum
1302 1321 1451 1371 vero
1508 1321 1661 1368 eum
1713 1295 2106 1390 redarguere
2165 1302 2475 1368 conatum
2525 1318 2689 1367 esse.

595 1458 664 1529 F.
744 1459 819 1530 A.
897 1457 1179 1531 Wolfius
1252 1458 1451 1545 inde,
1543 1458 1716 1553 quod
1818 1457 2007 1552 (quae
2081 1477 2184 1525 res
2259 1478 2295 1524 e
2379 1454 2693 1528 dramatis

593 1619 846 1714 origine
912 1620 1104 1692 facile
1165 1618 1550 1716 explicatur)
1620 1617 1883 1689 nullum
1944 1616 2138 1689 fuerit
2213 1614 2513 1688 funditus
2565 1616 2692 1688 dis-

592 1779 842 1850 crimen
892 1779 1169 1852 chorum
1220 1782 1393 1853 inter
1442 1785 1509 1850 et
1558 1778 1889 1866 fabulam,
1942 1776 2313 1863 concludit,
2371 1798 2525 1848 eum
2577 1779 2690 1873 qui

586 1939 784 2010 choro
834 1949 1129 2035 praesset
1172 1944 1295 2014 toti
1339 1941 1538 2012 simul
1579 1939 1736 2010 ludo
1771 1937 2169 2034 praefuisse,
2212 1936 2316 2008 his
2357 1936 2572 2008 verbis
2601 1939 2687 2026 ¹):

595 2096 816 2168 nNihil
882 2101 1059 2170 enim
1137 2100 1604 2185 dubitandum,
1681 2099 1841 2193 quin
1907 2097 2232 2192 ejusdem,
2300 2096 2412 2191 qui
2475 2096 2691 2171 choris

591 2258 870 2331 scenicis
955 2265 1221 2331 sumtus
1303 2263 1726 2355 suggereret,
1814 2236 2186 2329 commissio
2261 2259 2465 2330 totius
2551 2259 2689 2332 ludi

595 2425 791 2489 esset.
891 2416 1061 2491 Nam
1111 2419 1375 2490 omnino
1418 2416 1731 2505 chorum,
1775 2424 2112 2531 tamquam
2155 2419 2412 2493 fabulae
2454 2422 2688 2517 prima-

591 2579 755 2650 riam
827 2585 1082 2676 partem
1156 2586 1224 2651 et
1297 2603 1488 2667 eam,
1564 2581 1739 2653 unde
1816 2582 2180 2678 antiquitus
2247 2583 2461 2655 omnis
2520 2583 2687 2654 ratio

587 2761 821 2811 scenae
870 2740 1186 2828 effloruit,
1239 2741 1334 2813 ita
1384 2740 1615 2813 Graeci
1668 2766 1987 2839 usurpare
2036 2750 2556 2832 consueverunt,
2609 2750 2687 2818 ut

585 2899 763 2971 verbi
831 2901 931 2973 vis
999 2901 1080 2973 ad
1149 2903 1524 2976 universam
1590 2902 1883 2975 fabulam
1951 2906 2247 2997 spectet''
2311 2904 2389 2998 2).
2492 2903 2685 2977 Boec-

584 3061 784 3134 khius
833 3085 988 3135 vero
1030 3064 1395 3133 contrariae
1438 3063 1616 3134 favet
1666 3063 2065 3133 sententiae:
2120 3063 2484 3134 secundum
2535 3087 2688 3136 eum

587 3219 765 3291 chori
808 3226 1071 3291 tantum
1113 3227 1419 3317 sumptus
1453 3219 1735 3292 faciebat
1768 3220 2115 3317 choraguS,
2152 3223 2535 3321 nullamque
2559 3229 2685 3300 nisi

585 3402 810 3452 eorum
879 3402 1047 3476 quae
1115 3380 1197 3451 ad
1264 3377 1536 3452 chorum
1604 3388 2012 3478 spectarent,
2080 3409 2308 3457 curam
2374 3387 2685 3478 habebat3

585 3542 805 3614 nullae
847 3543 908 3612 ei
944 3546 1162 3638 partes
1196 3547 1384 3613 erant
1409 3543 1477 3614 in
1515 3544 1756 3614 ceteris
1781 3544 2117 3633 omnibuS,
2161 3570 2329 3641 quae
2366 3549 2447 3619 ad
2473 3550 2682 3644 ipsam

658 3867 709 3929 1)
745 3868 865 3921 Vid.
901 3873 1078 3925 Wolfii
1113 3873 1352 3938 Prolegg.
1387 3874 1453 3923 ad
1486 3872 1751 3924 Demosth.
1785 3889 1856 3924 or.
1892 3875 2008 3926 adv.
2043 3875 2338 3940 Leptinem,
2372 3892 2422 3940 p.
2450 3890 2557 3926 xcx.

654 3963 711 4029 2)
745 3965 828 4014 Ex
860 3967 940 4016 his
984 3970 1162 4022 Wolfii
1197 3971 1362 4021 verbis
1406 3977 1758 4036 argumentum
1790 3972 2080 4036 depromere
2103 3988 2365 4037 possumus
2395 3987 2487 4036 pro
2519 3978 2689 4022 nostra

593 4063 840 4111 sententia
860 4100 875 4121 ‚
923 4079 989 4113 ex
1036 4083 1134 4131 qua
1179 4068 1612 4119 chorodidascalus
1661 4074 1818 4118 totam
1851 4068 2073 4119 fabulam
2116 4070 2339 4119 docebat.
2395 4067 2691 4132 Antiquitas

586 4158 724 4209 enim
757 4159 851 4209 soli
883 4159 1024 4210 chori
1056 4166 1339 4224 exstabant3
1378 4181 1503 4229 quos
1534 4165 1622 4231 qui
1654 4166 1918 4226 docerent,
1950 4165 2340 4215 ohorodidascali
2366 4165 2686 4217 vocabantur.

585 4256 704 4307 Hoc
746 4271 932 4307 nomen
980 4259 1164 4308 mansit
1178 4298 1193 4320 ‚
1237 4277 1418 4324 quum,
1451 4270 1715 4327 postquam
1747 4262 1921 4312 drama
1955 4276 1983 4313 e
2011 4261 2175 4312 choris
2209 4261 2513 4322 efflomerat‚
2549 4262 2688 4311 chori

583 4354 808 4418 magistri
841 4356 993 4407 totius
1027 4357 1263 4407 dramatis
1294 4360 1517 4422 magistri
1555 4361 1843 4411 evasissent.
