3414 5176
1727 592 1817 660 68

722 822 1010 895 fabulam
1053 817 1378 914 agendam
1422 817 1858 913 pertinerent,
1896 838 2109 912 neque
2151 818 2219 889 in
2260 839 2456 889 scena
2498 818 2818 906 ornanda,

724 1005 940 1078 neque
990 981 1059 1053 in
1109 977 1540 1050 histrionibus
1589 977 1922 1050 docendis,

820 1144 893 1213 ln
961 1139 1132 1211 hanc
1200 1137 1511 1211 Boeckhii
1578 1138 2009 1225 sententiam,
2077 1160 2274 1232 quam
2341 1137 2562 1234 plures
2613 1140 2824 1212 secuti

723 1310 919 1391 sunt,
1011 1298 1389 1373 accuratius
1479 1298 1916 1393 inquirenteS,
2004 1299 2290 1395 primum
2387 1323 2662 1395 agamus
2741 1300 2823 1373 de

724 1461 1098 1559 sumptibus
1121 1515 1136 1546 ,
1198 1459 1280 1529 de
1346 1458 1584 1552 quibus
1650 1460 1747 1530 sic
1806 1457 2212 1531 Boeckhius:
2305 1459 2478 1532 nDer
2528 1459 2823 1557 Chorage

722 1625 840 1695 hat
912 1620 1018 1693 die
1093 1616 1299 1716 Sorge
1364 1615 1469 1689 fur
1524 1615 1651 1688 den
1720 1617 1919 1690 Chor:
1982 1659 2081 1671 ——
2139 1641 2459 1715 wogegen
2512 1643 2585 1692 es
2659 1645 2822 1716 ganz

727 1778 1187 1857 unerweislich
1278 1781 1399 1866 ist,
1500 1776 1652 1849 dass
1742 1777 1845 1847 bei
1920 1774 2395 1873 Schauspielen
2470 1777 2587 1851 der
2665 1780 2826 1853 Cho-

723 1967 844 2040 rag
908 1941 1035 2013 den
1103 1938 1426 2013 Aufwand
1492 1938 1609 2009 des
1675 1944 2085 2033 gesammten
2153 1935 2406 2036 Spieles
2471 1939 2657 2012 hatte
2721 1943 2826 2015 be·

725 2105 997 2178 streiten
1062 2105 1354 2173 miissen.
1407 2140 1508 2155 —-·
1556 2099 1686 2170 Der
1746 2095 1934 2170 Staat
2001 2098 2206 2171 selbst
2266 2100 2525 2174 leistete
2583 2103 2824 2174 unmit·

724 2266 933 2338 telbar
989 2262 1192 2336 vieles
1258 2260 1365 2333 sur
1423 2259 1541 2332 das
1607 2257 2032 2354 Schauspiel,
2100 2260 2227 2332 wie
2292 2259 2521 2333 mehre
2571 2259 2820 2337 Stellen

728 2430 844 2499 der
893 2424 1089 2494 Alten
1142 2419 1510 2507 beweisen,
1563 2418 1699 2490 und
1750 2417 2065 2491 manches
2114 2418 2300 2492 hatte
2350 2422 2466 2493 der
2517 2421 2825 2496 Theater·

723 2586 993 2687 pachter
1063 2606 1144 2654 zu
1185 2577 1478 2666 stellen,
1547 2576 1758 2653 wofur
1831 2577 1969 2651 ihm
2046 2578 2165 2651 das
2225 2578 2649 2678 Eintrittgeld
2715 2610 2822 2658 zu-

717 2747 883 2820 fieP'
931 2750 1007 2842 ¹).

830 2908 1181 2981 Civitatem
1232 2904 1439 3000 igitur
1487 2908 1554 2972 et
1605 2898 1845 2973 theatri
1888 2900 2368 2998 redemptorem
2429 2905 2814 3002 (θεατρώνην)

729 3072 936 3170 ipsius
985 3066 1244 3139 fabulae
1293 3065 1361 3134 in
1417 3084 1684 3134 scenam
1735 3061 2147 3134 inducendae
2199 3069 2506 3159 sumptus
2557 3063 2820 3154 fecisse,

729 3229 1100 3303 Boeckhius
1150 3231 1359 3323 putat.

831 3389 1026 3476 Quod
1077 3386 1158 3459 ad
1201 3383 1443 3456 theatri
1478 3382 1957 3477 redemptorem
2001 3384 2269 3473 attinet,
2305 3385 2489 3459 nullo
2531 3392 2827 3461 veterum

729 3557 873 3625 loco
924 3549 1103 3622 aliud
1153 3545 1312 3642 quid
1362 3545 1443 3616 de
1494 3566 1572 3615 eo
1620 3542 1942 3630 refertur,
1993 3544 2119 3616 nisi
2173 3544 2452 3618 aedificii
2495 3568 2721 3617 curam
2764 3550 2825 3618 ei

733 3714 932 3786 fuisse
982 3707 1391 3793 mandatam;
1436 3703 1742 3776 ludorum
1794 3725 1948 3775 vero
1990 3712 2297 3800 sumptus
2340 3729 2496 3777 eum
2545 3727 2632 3776 ne
2680 3732 2824 3804 par-

735 3876 853 3947 tim
930 3870 1196 3967 quidem
1279 3865 1554 3937 solvisse
1646 3887 1930 3958 usquam
2006 3866 2309 3961 legimus.
2430 3864 2597 3937 Cum
2665 3866 2828 3964 Gep-

723 4205 732 4214 ·
799 4195 849 4261 l)
886 4192 1009 4245 Vid.
1040 4191 1296 4254 Boeckh.,
1327 4193 1364 4248 1.
1391 4191 1431 4242 1.
1458 4205 1508 4254 p.
1540 4192 1664 4250 784,
1702 4192 1783 4239 la.
1817 4189 1895 4239 ed.
1913 4208 1927 4247 ;
1961 4187 2014 4236 iu
2049 4191 2131 4235 2⁶1.
2164 4187 2330 4251 operis
2364 4187 2585 4241 editione
2616 4190 2824 4256 scriptor

718 4290 964 4343 nonnulla
985 4288 1199 4339 mutavit
1221 4289 1275 4337 in
1290 4292 1512 4337 nostram
1528 4284 1829 4336 sententiam
1842 4322 1856 4344 ‚
1889 4298 2013 4347 quas
2030 4284 2405 4337 emendationes
2419 4286 2556 4336 infra
2579 4286 2812 4337 referam.

724 4388 827 4438 Hie
860 4385 1118 4451 pristinam
1151 4385 1257 4435 eius
1288 4382 1586 4434 sententiam
1617 4383 1916 4446 redarguere
1952 4381 2202 4434 constitui.
