3414 5176
1623 487 1716 558 23

617 718 842 814 magni
894 712 1132 789 laboris
1196 721 1371 788 esset
1430 716 1644 801 facta,
1695 715 1858 786 haec
1907 712 2187 786 mutatio
2245 711 2572 804 obtinuit,
2648 723 2723 787 ut

616 902 748 950 non
797 883 1058 950 tantum
1109 901 1151 949 a
1197 875 1483 971 chorago
1532 875 1887 962 alerentur,
1937 874 2052 946 sed
2102 875 2303 947 etiam
2353 881 2722 954 mercedem

622 1038 992 1133 acciperent
1041 1037 1394 1110 choreutae
1422 1036 1499 1131 ¹).

714 1200 1046 1271 Alimenta
1125 1221 1256 1270 non
1332 1197 1486 1271 vilia
1563 1219 1711 1269 esse
1784 1194 2127 1283 debuisse,
2202 1206 2470 1292 apparet
2529 1225 2567 1274 e
2634 1206 2721 1276 lo-

618 1363 715 1434 cis
736 1415 754 1448 ,
841 1361 909 1430 in
985 1357 1224 1455 quibus
1300 1356 1619 1445 traditur,
1693 1356 1981 1453 chorago
2040 1355 2446 1453 praebendos
2520 1361 2721 1437 fuisse

620 1522 801 1595 cibos
840 1543 1066 1594 vocem
1108 1517 1597 1592 corroborantes
1638 1524 1707 1590 et
1756 1519 2055 1615 potiones
2106 1517 2188 1591 ad
2233 1518 2299 1590 id
2351 1519 2567 1615 ipsum
2621 1550 2721 1599 ac-

614 1681 1065 1756 commodatas
1091 1681 1140 1776 ²)
1156 1736 1173 1750 .

709 1842 1007 1917 Tandem
1049 1841 1378 1937 choragus
1426 1838 1702 1913 chorum
1755 1839 2192 1912 exercendum
2242 1841 2537 1930 curabat,
2588 1870 2717 1940 quo

611 2004 885 2080 consilio
959 2002 1142 2075 chori
1208 2008 1697 2100 praeceptorem
1763 2004 2325 2097 (χοροδιδάσκαλον)
2374 2002 2499 2077 sibi
2549 2028 2719 2080 com-

615 2162 905 2261 parabat.
1024 2161 1214 2247 Quod
1288 2163 1372 2235 ad
1445 2160 1960 2235 chorodidascali
2033 2163 2452 2256 comparandi
2528 2168 2718 2240 ratio·

617 2349 769 2397 nem
844 2325 913 2394 in
981 2323 1361 2395 dramaticis
1409 2322 1626 2396 choris
1675 2323 1938 2409 attinet,
1987 2344 2191 2417 quum
2245 2330 2540 2398 veterum
2589 2336 2717 2402 tes·

618 2483 892 2565 timonia
939 2483 1066 2563 hac
1114 2485 1183 2554 in
1225 2505 1293 2553 re
1342 2505 1473 2554 non
1516 2489 1806 2570 exstent,
1858 2504 2011 2554 cum
2061 2480 2388 2557 Boeckhio
2436 2508 2516 2558 ex
2568 2511 2718 2561 ana·

616 2647 792 2742 logia
865 2667 970 2716 res
1044 2643 1410 2715 dirimenda
1482 2643 1745 2718 videtur
1763 2643 1840 2737 3).
1950 2642 2201 2739 Nempe
2278 2646 2348 2718 in
2422 2648 2715 2720 oratione

623 2807 914 2879 Midiana
973 2803 1448 2876 Demosthenes
1505 2804 1729 2891 tradit,
1792 2827 1864 2876 se
1923 2828 2076 2877 cum
2127 2807 2363 2879 ceteris
2413 2807 2717 2905 choragis

609 2968 693 3039 de
781 2965 1161 3042 tibicinibus
1243 2988 1387 3040 esse
1472 2966 1782 3040 sortitum
1816 2965 1898 3059 ⁴);
1984 2966 2272 3038 auletam
2349 2991 2503 3040 vero
2595 2968 2715 3039 for-

608 3133 786 3197 tasse
846 3150 998 3199 cum
1066 3125 1574 3202 dramaticorum
1652 3123 2000 3196 chororum
2074 3129 2389 3220 magistro
2464 3149 2719 3224 compa-

613 3309 757 3358 rare
831 3287 1005 3358 licet.
1107 3285 1355 3356 Deinde
1424 3282 1756 3380 Antiphon
1824 3285 1965 3356 loco
2031 3310 2227 3382 supra
2272 3288 2407 3382 jam
2451 3287 2720 3362 laudato

622 3447 682 3543 (ἓ
745 3447 859 3542 11)
960 3449 1124 3520 haec
1198 3446 1430 3519 habet:
1509 3451 1772 3526 »ἐπειδὴ
1841 3451 2108 3537 χορηγὸς
2179 3452 2566 3531 κατεστάθην
2636 3457 2719 3531 εἷς

688 3794 739 3857 l)
776 3795 879 3845 Vd.
910 3794 1227 3860 Xenophon,
1262 3794 1397 3864 περὶ
1426 3797 1524 3859 τῆς
1555 3792 1884 3861 Ἀθηναίων
1907 3794 2230 3867 πολιτείας,
2264 3801 2321 3860 Ι,
2361 3806 2437 3851 13.

686 3887 741 3957 2)
791 3893 930 3944 Vdd.
970 3893 1227 3945 Plutarch.
1271 3894 1334 3945 de
1372 3893 1533 3958 gloria
1578 3894 1888 3958 Atheniens,
1930 3901 1979 3947 6.
2013 3896 2277 3962 Antiphon
2310 3897 2347 3948 1.
2364 3897 2401 3948 1.
2430 3904 2482 3948 et
2512 3898 2722 3962 hypoth.

618 3988 770 4053 hujus
811 3996 936 4040 orat.
981 3990 1213 4055 Hypoth.
1249 3990 1303 4041 in
1336 3990 1595 4045 Demosth.
1631 3993 1827 4045 Midian
1864 4002 1911 4044 et
1945 3994 2197 4060 Ulpianus
2233 3996 2296 4045 ad
2328 3995 2540 4060 Leptin:
2578 3995 2608 4056 ξ
2641 3999 2721 4045 24.

617 4085 696 4138 Cf.
731 4087 958 4138 Boeckh.
991 4088 1081 4139 1.1.
1116 4104 1165 4152 p.
1201 4093 1316 4140 602.

686 4184 744 4250 3)
782 4184 888 4234 vd.
921 4183 1011 4235 1.1.
1044 4200 1094 4248 p.
1121 4189 1235 4235 θοι.

688 4284 743 4348 4)
781 4283 881 4334 vd.
917 4281 1044 4333 Mid.
1080 4298 1127 4346 p.
1158 4287 1272 4332 519.
