3414 5176
1738 598 1828 667 88

741 866 743 868 v
838 825 1200 918 Utrumque
1284 845 1442 894 sane
1524 824 1593 893 in
1686 821 1812 894 hac
1887 823 2269 918 quaestione
2347 824 2835 918 gravissimum.

740 978 895 1050 Inde
962 978 1137 1049 enim
1214 976 1388 1072 quod
1454 982 1646 1073 poeta
1711 977 1782 1047 in
1847 977 2159 1049 victoriae
2224 985 2654 1050 monumento
2706 1001 2836 1049 non

742 1136 1329 1218 commemoratur,
1398 1131 1892 1219 concludimuS,
1980 1137 2240 1227 poetam
2317 1132 2631 1204 victorem
2706 1154 2838 1203 non

740 1288 980 1375 fuisse3
1050 1286 1201 1357 inde
1260 1285 1435 1381 quod
1492 1285 1865 1360 didascalus
1914 1286 2110 1357 tertio
2161 1291 2423 1358 tantum
2473 1286 2617 1357 loco
2667 1308 2840 1357 com-

740 1450 1183 1527 memoratur,
1219 1439 1625 1512 didascalum
1661 1440 1974 1513 victoriae
2005 1439 2329 1512 honorum
2367 1438 2844 1536 quodammodo

743 1597 1130 1692 participem
1180 1593 1447 1688 quidem
1499 1593 1742 1681 fuisse,
1797 1594 2043 1667 tribum
2093 1617 2247 1668 vero
2304 1593 2649 1689 tribusque
2698 1592 2846 1666 cho-

744 1773 981 1845 ragum
1047 1748 1219 1819 solos
1286 1747 1355 1817 in
1422 1750 1781 1843 certamine
1832 1748 1960 1820 dici
2010 1772 2203 1845 posse
2254 1748 2555 1821 victores.
2662 1744 2844 1817 Hanc

743 1905 951 1998 igitur
1024 1901 1420 1974 sententiam
1512 1909 1723 1975 ratam
1824 1902 2217 1975 haberemus
2249 1958 2266 1990 ,
2359 1902 2427 1972 ni
2510 1900 2846 1972 obstarent

745 2055 1066 2154 quaedam
1119 2079 1156 2127 a
1205 2054 1532 2128 Boeckhio
1570 2058 1662 2129 in
1716 2056 1785 2128 C.
1842 2056 1887 2127 I.
1943 2057 1985 2127 l.
2025 2057 2068 2126 l.
2142 2056 2361 2129 allata.
2467 2054 2846 2127 Concedens

744 2213 953 2300 enim,
997 2210 1455 2306 inscriptiones
1497 2209 1881 2306 choragicas
1916 2217 2348 2282 monumenta
2389 2231 2534 2280 esse
2560 2208 2848 2280 chorico-

746 2391 897 2437 rum
963 2366 1440 2453 certaminum,
1510 2365 1994 2437 didascalorum
2054 2372 2279 2437 tamen
2331 2385 2593 2461 quoque
2643 2366 2849 2434 certa·

746 2521 1004 2594 minum
1055 2523 1483 2592 monumenta
1534 2525 1790 2590 exstare
1839 2519 2102 2615 publice
2151 2519 2451 2592 confecta
2499 2516 2600 2588 vir
2668 2538 2850 2612 egre-

746 2675 897 2771 gius
958 2673 1325 2760 contendit;
1388 2670 1562 2766 quod
1622 2672 1679 2742 si
1734 2696 1962 2746 verum
2013 2681 2154 2759 est,
2207 2672 2422 2743 omnis
2474 2676 2698 2741 nostra
2750 2694 2848 2741 ra-

743 2827 1082 2899 tiocinatio
1131 2826 1582 2898 labefactatur.
1658 2826 1968 2898 Attamen
2004 2852 2134 2900 non
2163 2830 2355 2923 plane
2397 2825 2573 2897 cadit
2597 2799 2846 2921 ,quum

747 2981 962 3053 adhuc
998 2983 1221 3077 quaeri
1258 2982 1502 3078 possit,
1540 2987 1767 3052 utrum
1811 2983 2078 3075 gravius
2114 2982 2314 3055 fuerit
2340 2988 2674 3052 certamen
2701 2979 2848 3050 cho-

745 3158 967 3208 rorum
1011 3137 1460 3209 monumentis
1494 3134 1898 3229 choragiciS,
1939 3160 2020 3207 an
2048 3137 2530 3210 didascalorum
2557 3134 2846 3205 didasca-

747 3289 855 3361 liis
897 3291 1319 3363 celebratum.
1382 3291 1550 3363 Nam
1594 3298 2023 3363 monumenta
2066 3291 2179 3364 illa
2221 3292 2519 3388 publica,
2558 3289 2640 3361 ad
2682 3310 2848 3383 quae

750 3451 1004 3540 spectat
1054 3443 1457 3532 BoeckhiuS,
1510 3469 1641 3516 non
1712 3444 1838 3515 alia
1914 3454 2069 3517 sunt
2120 3447 2245 3518 nisi
2291 3444 2722 3528 didascaliae,
2767 3441 2848 3512 de

751 3600 988 3693 quibus
1040 3623 1195 3693 ergo
1246 3622 1410 3694 opus
1464 3600 1586 3669 erit
1639 3579 1862 3694 paullo
1915 3603 2290 3673 accuratius
2340 3602 2580 3673 videre.

849 3751 1275 3823 Casaubonus
1342 3754 1408 3822 in
1495 3753 2232 3826 uAnimadversionibus
2299 3756 2366 3825 in
2436 3754 2850 3826 Athenaeum

749 3908 832 3979 de
881 3905 1341 3993 didascaliis”,
1393 3905 1518 3977 hac
1567 3908 1819 3978 ratione
1870 3932 1981 3980 eas
2032 3909 2261 3980 definit
2291 3907 2378 4000 ¹):
2438 3910 2686 3980 ualtera
2722 3910 2848 4002 sig-

750 4195 1008 4244 nonnullis
1068 4211 1216 4259 supra
1262 4211 1292 4245 a
1335 4197 1478 4245 nobis
1529 4197 1745 4246 laudatis
1790 4197 2093 4246 comicorum
2142 4198 2264 4246 locis
2317 4197 2459 4262 (vid.
2524 4197 2671 4259 hujus
2719 4209 2850 4243 com·

752 4295 907 4338 ment.
947 4305 996 4351 p.
1033 4294 1140 4354 55).

825 4385 872 4446 1)
909 4384 1029 4434 vid.
1066 4387 1210 4437 Libr.
1256 4388 1363 4448 VI,
1402 4387 1523 4452 Cap.
1574 4393 1663 4447 28,
1712 4404 1759 4451 p.
1793 4391 1887 4460 23?
1943 4387 1997 4436 in
2034 4389 2150 4438 edit.
2200 4388 2482 4453 Schweigh.
2525 4386 2847 4438 Antecedunt
