3414 5176
1617 347 1659 395 ο

1669 588 1811 666 102

689 830 964 898 munera
1037 821 1303 916 choragi
1386 827 1454 892 et
1527 827 1757 917 poetae
1840 821 2202 918 disjungit,
2277 812 2648 898 necessario
2715 849 2794 899 eo

686 977 966 1066 ducere,
1033 981 1111 1049 ut
1174 975 1443 1072 choragi
1509 976 1853 1050 victoriam
1915 975 2230 1049 didascali
2298 977 2610 1053 victoriae
2659 1002 2796 1053 ces-

685 1125 850 1205 sisse
914 1153 1193 1228 eamque
1250 1135 1549 1204 secutam
1614 1153 1761 1206 esse
1828 1130 2196 1220 existimet3
2264 1134 2375 1207 cui
2425 1136 2794 1208 sententiae

682 1308 912 1359 omnes
933 1339 950 1373 ‚
1000 1285 1096 1358 rei
1161 1283 1571 1359 difficultatis
1634 1287 1744 1360 vix
1766 1341 1783 1373 ,
1834 1294 1911 1361 ut
1975 1285 2237 1360 videtur
2259 1343 2276 1378 ,
2326 1287 2452 1361 sibi
2505 1290 2793 1377 conscii,

684 1439 985 1515 assentiri
1031 1439 1360 1513 videntur.

780 1595 915 1666 Nos
965 1600 1187 1666 autem
1238 1590 1549 1666 Boeckhii
1590 1588 1965 1689 opinionem
2016 1596 2098 1668 ab
2146 1596 2326 1669 omni
2364 1603 2550 1692 parte
2591 1619 2789 1692 supra

685 1748 1079 1844 redarguere
1128 1746 1347 1820 conati
1388 1746 1661 1843 probare
1702 1747 2120 1823 studuimus:

784 1903 885 1975 1⁰.
936 1902 1180 1988 talem,
1231 1900 1495 1996 qualem
1544 1901 1668 1974 sibi
1720 1900 1911 1974 {inxit
1973 1924 2280 1977 summus
2335 1905 2436 1977 vir
2457 1958 2475 1995 ,
2528 1903 2787 1978 fabulae

682 2064 752 2131 et
800 2056 981 2130 chori
1031 2055 1535 2152 disjunctionem
1587 2056 1667 2129 ab
1718 2057 1861 2153 ipsa
1900 2058 1995 2130 rei
2046 2065 2283 2133 natura
2324 2074 2591 2155 prorsus
2640 2081 2787 2130 esse

686 2213 1008 2299 alienam;
1075 2213 1144 2283 in
1195 2209 1489 2285 dramate
1556 2218 1786 2284 contra
1836 2218 2057 2308 partes
2102 2211 2469 2308 dialogicas
2517 2217 2586 2283 et
2635 2212 2788 2308 lyri-

684 2390 798 2440 cas
845 2388 1047 2461 quam
1112 2365 1476 2439 arctissime
1526 2389 1672 2439 esse
1723 2366 2144 2461 conjunctas3

783 2517 887 2592 20.
917 2517 1323 2592 didascalum
1350 2516 1638 2590 solorum
1678 2518 2077 2593 histrionum
2119 2520 2322 2593 fuisse
2352 2519 2746 2614 magistrum
2770 2575 2787 2608 ‚

686 2677 987 2747 veterum
1026 2672 1189 2746 locis
1222 2670 1477 2768 probari
1518 2696 1649 2745 non
1690 2696 1918 2769 posse;
1963 2698 2042 2746 ex
2069 2673 2309 2771 quihus
2348 2673 2568 2771 potius
2591 2672 2787 2745 confl-

687 2826 995 2900 ciendum
1031 2849 1213 2913 esse,
1256 2826 1538 2899 eundem
1574 2849 1736 2898 eum
1780 2852 1857 2901 ac
1897 2828 2501 2902 chorodidascalum
2543 2830 2782 2920 fuisse;

782 2980 886 3054 3⁰.
939 2980 1299 3076 choragum
1350 2980 1664 3076 denique,
1716 2984 1978 3055 etiamsi
2046 2984 2323 3056 fortasse
2389 2984 2594 3056 totius
2643 2983 2781 3055 ludi

687 3141 992 3232 sumptus
1040 3158 1171 3209 non
1239 3135 1465 3209 fecerit
1486 3190 1502 3222 ,
1570 3136 1776 3211 totius
1826 3138 2256 3211 nihilominus
2304 3137 2784 3212 commissionis

684 3312 914 3363 curam
963 3288 1516 3387 moderamenque
1570 3289 1929 3381 hahuisse,
1979 3315 2373 3390 omnesque,
2424 3292 2663 3388 quihus
2713 3291 2781 3361 in

684 3444 1145 3518 commissione
1192 3467 1439 3517 munus
1499 3445 1762 3543 aliquod
1803 3454 2017 3535 esset,
2070 3448 2131 3519 ei
2200 3447 2496 3520 subditos
2554 3444 2776 3517 fuisse.

782 3599 958 3671 Haec
988 3598 1195 3695 igitur
1218 3600 1275 3673 si
1312 3624 1466 3674 vera
1490 3608 1679 3692 sunt,
1715 3609 1948 3700 sponte
1988 3603 2286 3699 sequitur
2307 3656 2324 3688 ,
2359 3600 2501 3672 fieri
2543 3621 2781 3693 nequa·

683 3776 885 3851 quam
920 3775 1111 3849 posse
1152 3755 1310 3849 quin
1351 3757 1726 3830 didascalus
1767 3760 1825 3830 is
1860 3758 2095 3845 fuerit,
2146 3757 2258 3853 qui
2301 3755 2369 3826 in
2420 3754 2779 3826 certamine

687 3932 1014 3982 summam
1063 3909 1351 3981 tenuerit
1392 3917 1587 4007 atque
1653 3912 1994 3987 victoriam
2037 3908 2401 4007 reportarit.
2480 3906 2552 3979 Si
2603 3909 2780 3980 enim

687 4062 1057 4136 didascalus
1122 4086 1252 4134 non
1277 4119 1293 4151 ‚
1345 4065 1899 4161 quemadmodum
1967 4061 2336 4136 Boeckhius
2395 4068 2624 4159 putat,
2675 4068 2778 4134 est

686 4222 877 4313 'poeta
901 4272 916 4302 ‚
958 4218 1101 4311 qui,
1147 4242 1184 4289 a
1210 4218 1476 4315 choragi
1522 4221 1912 4293 auctoritate
1953 4242 2219 4316 prorsus
2269 4217 2432 4290 liber
2455 4273 2470 4304 ,
2521 4215 2776 4287 histrio·

687 4394 803 4443 nes
840 4369 1172 4460 docuerit,
1217 4374 1330 4447 sed
1373 4374 1980 4465 chorodidascaluS,
2034 4376 2172 4452 sive
2215 4379 2408 4472 poeta
2457 4372 2597 4446 sive
2645 4394 2775 4446 non
