3414 5176
1736 540 1827 608 892

731 767 1067 851 sistimuS,
1143 766 1298 836 licet
1371 764 1564 837 multi
1642 764 1768 836 loci
1847 762 2062 835 adhuc
2145 762 2359 833 afferri
2425 764 2679 858 possint
2746 762 2829 834 ad

729 917 1242 991 confirmandam
1293 923 1588 991 nostram
1638 918 2059 990 sententiam.
2145 914 2372 988 Potius
2406 940 2527 990 nos
2568 938 2832 990 conver-

729 1079 948 1144 tamus
1023 1072 1106 1144 ad
1180 1073 1441 1169 publica
1522 1072 1836 1145 victoriae
1909 1075 2371 1158 monumenta,
2447 1070 2832 1168 praesertim

728 1249 934 1320 quum
982 1226 1332 1322 peculiaris
1393 1226 1482 1298 de
1537 1224 1722 1297 hisce
1771 1224 2081 1298 Boeckhii
2132 1225 2388 1320 opinio,
2449 1247 2636 1297 meae
2683 1247 2836 1297 con·

728 1382 959 1468 traria,
1012 1381 1324 1483 effectura
1373 1380 1500 1466 sit,
1552 1385 1629 1451 ut
1677 1380 1841 1452 satis
1889 1378 2151 1476 copiose
2200 1378 2282 1451 de
2332 1380 2415 1452 iis
2465 1401 2760 1476 agamus,

824 1533 1125 1609 Vidimus
1201 1534 1602 1631 choragum,
1670 1534 1945 1607 victoria
2010 1539 2341 1630 reportata
2364 1589 2381 1621 ,
2464 1535 2825 1632 tripodem,

728 1688 1038 1762 victoriae
1088 1690 1487 1786 praemium,
1540 1687 1843 1760 sollemni
1894 1687 2026 1760 ritu
2077 1686 2334 1760 Baccho
2376 1712 2824 1778 consecrasse,

726 1845 865 1916 sive
914 1844 982 1915 in
1034 1844 1177 1940 ipso
1226 1843 1465 1917 Bacchi
1515 1842 1766 1936 templo
1809 1842 1950 1917 sive
2000 1842 2068 1912 in
2119 1864 2304 1913 sacra
2345 1842 2680 1938 tripodum
2722 1845 2826 1916 via

726 1999 793 2068 in
845 1997 1283 2094 pulcherrime
1333 1983 1663 2070 elaborata
1713 1996 2106 2068 collocatum
2155 1993 2335 2083 basi,
2387 1997 2455 2067 in
2515 2021 2681 2092 qua,
2736 1999 2827 2069 in-

726 2152 984 2249 sculpta
1033 2153 1495 2248 inscriptione,
1547 2151 1822 2225 victoria
1873 2156 2178 2221 aeternae
2219 2150 2645 2225 mandaretur
2695 2176 2826 2222 me-

726 2307 969 2376 moriae
999 2307 1075 2400 ¹).
1179 2306 1474 2393 Quarum
1527 2306 2028 2401 inscriptionum
2079 2306 2434 2378 nonnullae
2469 2306 2656 2380 nobis
2699 2304 2869 2376 ser·>

723 2465 915 2531 vatae
967 2483 1005 2530 a
1054 2458 1381 2533 Boeckhio
1430 2461 1744 2534 collectae
1811 2466 2011 2554 atque
2070 2463 2138 2532 in
2213 2484 2479 2556 corpore
2555 2460 2830 2555 Inscrip-

727 2616 977 2686 tionum
1028 2615 1274 2712 publici
1319 2617 1487 2711 juris
1536 2615 1751 2687 factae
1801 2620 1958 2685 sunt
1999 2615 2077 2710 2).

821 2768 1012 2852 Quod
1053 2793 1206 2842 vero
1247 2772 1316 2840 in
1359 2770 1794 2854 orationibuS,
1836 2750 2006 2862 quae
2030 2770 2115 2841 de
2147 2768 2458 2863 choragia
2493 2769 2825 2865 aliquanto

725 2926 1053 3021 copiosius
1105 2931 1351 3020 agunt,
1404 2924 1697 2996 obtinere
1752 2923 2375 3009 animadvertimuS,
2428 2946 2541 2994 eas
2601 2922 2680 2994 de
2731 2924 2823 3018 ly-

722 3081 855 3152 rica
874 3079 986 3175 ,vel
1013 3081 1331 3168 auletica,
1375 3103 1506 3152 non
1541 3102 1695 3152 vero
1732 3079 1813 3150 de
1850 3078 2211 3151 dramatica
2246 3099 2440 3171 agere
2482 3076 2820 3172 choragia,

722 3256 925 3328 aeque
979 3234 1250 3308 adversa
1301 3236 1368 3305 in
1421 3233 1956 3330 inscriptionibus
1998 3232 2180 3306 hisce
2224 3231 2475 3303 utimur
2523 3230 2821 3318 fortuna,

720 3542 930 3592 τούτων
961 3542 1059 3591 καὶ
1088 3543 1535 3613 διαφθειρόντων
1564 3544 1636 3592 τὰ
1661 3546 1949 3610 ποιήματα
1982 3543 2079 3592 καὶ
2112 3542 2178 3591 τὸ
2209 3540 2533 3592 τελευταῖον
2563 3537 2825 3602 ‹installe-

720 3638 921 3708 μένων,
962 3641 1143 3689 καίτοι
1172 3641 1282 3690 τῶν
1313 3642 1608 3709 δραμάτων
1635 3641 1899 3700 πολλάκις
1930 3625 1991 3691 εἶ’)
2023 3639 2260 3707 ἐχόντων
2292 3639 2385 3690 καὶ
2411 3636 2827 3705 νενικηκότων.”

790 3738 841 3801 l)
878 3735 1048 3807 Julius
1082 3737 1288 3788 Richter
1320 3740 1372 3788 in
1409 3739 1609 3804 Proleg.
1647 3741 1711 3789 ad.
1744 3741 1939 3805 Vespas
1965 3746 2106 3804 putat
2133 3739 2328 3789 tabulas
2360 3737 2583 3802 lapideas
2619 3736 2823 3801 inscrip-

717 3836 937 3884 tionibus
970 3834 1233 3883 instructas
1275 3836 1555 3898 parciorum
1596 3837 1928 3900 choragorum
1972 3838 2136 3887 solum
2178 3836 2333 3885 fuisse
2376 3835 2615 3885 victoriae
2646 3849 2821 3884 monu-

715 3938 970 3990 mentum,
1004 3931 1092 3979 ubi
1125 3930 1273 3989 dicit,
1312 3947 1361 3995 p.
1383 3936 1440 3980 9:
1492 3933 1641 3982 uJam
1670 3948 1791 3983 vero
1828 3934 1927 3983 hoc
1957 3939 2185 3997 apparet,
2220 3932 2462 3994 choragos
2489 3932 2819 3980 certaminum

715 4031 1047 4088 musicorum,
1082 4029 1462 4094 gymnicorum,
1491 4036 1540 4080 et
1572 4031 1851 4094 tripodibus
1885 4046 2000 4080 usos
2033 4044 2145 4081 esse
2179 4031 2244 4079 ad
2277 4029 2538 4079 victoriam
2573 4029 2822 4079 celebran-

715 4127 862 4190 dam,
894 4136 945 4178 et
977 4128 1160 4179 tabulis
1193 4129 1429 4192 lapideis,
1461 4129 1663 4193 quando
1697 4128 1949 4192 parciores
1984 4128 2172 4177 vellent
2205 4126 2367 4176 esse.''

783 4225 838 4288 2)
874 4225 996 4275 vid.
1044 4225 1291 4284 Bocckh„
1336 4224 1529 4289 Corpus
1579 4226 1977 4288 Inscriptionum
2023 4223 2352 4283 Graecarum,
2389 4225 2441 4284 Ι,
2479 4239 2525 4288 p.
2545 4226 2669 4281 341,
2709 4233 2816 4284 sqq.

714 4321 806 4369 sub
842 4318 1253 4382 Agonisticorum
1288 4322 1449 4370 titulo,
