3414 5176
1754 555 1845 623 94

747 782 1243 911 inscrinS,
1297 804 1334 852 e
1385 780 1623 877 quibus
1673 802 1876 853 unam
1943 781 2177 853 saltem
2228 786 2558 853 vetustam
2608 806 2685 856 ac
2732 808 2841 879 ge·

745 946 1019 1021 nuinam
1095 942 1300 1016 fuisse
1364 940 1705 1017 contendit
1755 940 2213 1028 didascaliam,
2266 940 2526 1037 publice
2567 940 2842 1016 Athenis

740 1105 1106 1179 confectam
1157 1104 1236 1198 ¹).

840 1264 1088 1339 Harum
1129 1263 1665 1359 inscriptionum,
1710 1284 1875 1360 quas
1909 1261 2034 1335 sub
2074 1261 2164 1333 n¹⁸
2202 1259 2377 1350 229,
2414 1260 2557 1334 230
2590 1268 2658 1334 et
2693 1260 2827 1334 231

741 1426 1085 1501 nobiscum
1127 1424 1612 1511 communicat,
1657 1424 1828 1497 duae
1861 1424 2110 1521 priores
2151 1422 2399 1496 Romae
2435 1428 2591 1496 sunt
2616 1424 2851 1513 iuven--

741 1594 868 1659 tae.
939 1586 1130 1672 Quod
1171 1584 1255 1656 ad
1296 1581 1417 1655 has
1458 1585 1736 1673 attinet,
1779 1583 2148 1657 Boeckhius
2190 1583 2490 1657 concedit
2510 1637 2528 1670 ,
2570 1606 2682 1655 eas
2706 1606 2838 1656 non

741 1747 943 1821 fuisse
987 1747 1311 1842 genuinas
1354 1744 1782 1833 didascaliaS,
1841 1747 1998 1819 used
2033 1746 2244 1818 multo
2284 1750 2463 1841 post,
2509 1767 2588 1815 ex
2624 1744 2840 1817 docto-

740 1932 889 1981 rum
938 1906 1118 1979 haud
1168 1905 1365 1979 dubie
1416 1905 1598 1978 libris
1649 1907 2047 2003 compositas
2098 1928 2241 1978 esse
2265 1961 2281 1992 ,
2325 1886 2516 2000 jussu
2559 1903 2838 1976 Romani

737 2069 1133 2164 cujusquam
1184 2064 1509 2153 hominiS,
1563 2072 1639 2138 ut
1676 2067 2082 2163 imaginibus
2131 2089 2399 2154 eorum,
2451 2089 2614 2162 quos
2657 2089 2837 2163 spec-

739 2237 884 2303 tant
918 2234 1293 2324 poetarum,
1340 2232 1868 2324 apponerentur''
1908 2228 1988 2323 2).
2068 2228 2211 2301 Non
2253 2227 2446 2300 modo
2484 2228 2693 2321 igitur
2732 2250 2838 2298 ve-

740 2397 961 2462 tustae
993 2411 1124 2460 non
1159 2394 1318 2459 sunt
1344 2388 1764 2477 didascaliae,
1793 2390 1908 2460 sed
1935 2414 2019 2460 ne
2044 2389 2301 2486 probari
2329 2388 2593 2485 quidem
2619 2393 2837 2484 potest

738 2575 851 2624 eas
895 2572 1209 2644 umquam
1251 2548 1612 2637 exstitisse,
1651 2547 1898 2620 nedum
1949 2572 2060 2621 eas
2102 2550 2519 2645 depromptas
2569 2573 2714 2622 esse
2757 2573 2838 2622 ex

738 2714 1080 2783 doctorum
1104 2708 1325 2795 libris,
1369 2709 1482 2803 qui
1508 2708 2015 2782 didascaliarum
2048 2712 2313 2783 nomine
2355 2711 2556 2805 vulgo
2591 2711 2836 2807 signifi-

738 2877 974 2947 cantur
997 2926 1012 2957 ,
1039 2893 1076 2940 e
1117 2867 1356 2963 quibus
1380 2893 1492 2940 eas
1518 2872 1914 2965 compositas
1955 2896 2101 2943 esse
2127 2870 2492 2942 Boeckhius
2534 2872 2830 2966 conjecit.

740 3037 918 3108 ldem
953 3033 1130 3104 enim
1174 3030 1510 3133 complura
1546 3031 1732 3103 nobis
1774 3034 2024 3104 indicat
2051 3037 2472 3127 argumenta,
2502 3033 2677 3104 unde
2703 3055 2835 3102 ma·
2943 3091 2947 3096 .

738 3198 974 3267 nifeste
1017 3199 1318 3289 apparet,
1368 3189 1508 3262 fieri
1550 3216 1681 3263 non
1733 3195 2058 3289 potuisse,
2111 3194 2271 3288 quin
2321 3193 2445 3264 hae
2495 3200 2834 3288 poetarum

740 3353 1139 3449 imaginibus
1208 3350 1436 3423 affixae
1497 3353 1956 3448 inscriptiones
2024 3379 2060 3425 e
2123 3355 2402 3427 vetustis
2462 3354 2831 3425 didascaliis

737 3519 869 3588 sint
918 3516 1213 3586 haustae.

836 3674 968 3746 Has
1010 3674 1214 3769 igitur
1239 3674 1619 3761 mittenteS,
1660 3677 1742 3746 ad
1768 3678 2033 3748 tertiam
2066 3698 2185 3747 nos
2210 3683 2545 3749 vertamus
2570 3674 2837 3770 inscrip-

738 3838 1024 3922 tionem,
1085 3833 1167 3903 de
1208 3857 1337 3928 qua
1387 3832 1756 3907 Boeckhius
1797 3836 1962 3909 haec
2011 3838 2205 3909 dicit:
2264 3835 2469 3907 anihil
2513 3859 2726 3932 neque
2766 3837 2834 3906 in

811 4245 862 4308 1)
897 4245 1019 4295 vid.
1056 4247 1311 4308 Boeckh.,
1346 4249 1381 4298 1.
1412 4247 1446 4295 1.
1481 4261 1531 4310 p.
1549 4250 1648 4295 350
1682 4251 1733 4295 et
1764 4248 1890 4304 358,
1931 4258 2036 4308 sqq.

806 4341 862 4406 2)
898 4342 1017 4392 vid.
1055 4345 1308 4406 Boeckh.,
1342 4346 1376 4393 l.
1413 4345 1478 4403 1.,
1515 4359 1561 4407 p.
1591 4348 1703 4393 353.
