3414 5176
1705 539 1842 609 400

719 767 906 841 nobis
955 772 1211 838 servata
1262 765 1441 837 chori
1504 764 1902 860 choragique
1963 764 2268 836 victorias
2329 765 2657 837 celebrare
2708 789 2815 863 ap-

716 928 952 1024 paruit.
1055 924 1283 998 Nonne
1373 926 1527 998 licet
1596 925 1733 1020 jam
1808 923 1962 996 inde
2027 923 2463 1013 concludere,
2539 926 2815 1000 chorum

719 1087 993 1184 ejusque
1058 1085 1421 1182 choragum
1486 1086 1556 1157 in
1624 1086 1887 1158 scenica
1962 1084 2419 1157 commissione
2494 1085 2813 1160 victorem

716 1271 860 1319 esse
911 1236 1363 1320 censendum?
1430 1244 1554 1317 Cui
1604 1245 1972 1340 quaestioni
2017 1252 2368 1341 antequam
2420 1247 2809 1343 respondere

714 1430 1061 1496 conamur,
1138 1406 1516 1492 videamus,
1591 1428 1754 1477 num
1825 1405 1951 1476 alia
2001 1403 2168 1476 forte
2232 1408 2402 1480 ratio
2449 1407 2809 1482 obtinuisse

713 1565 1006 1663 putanda
1054 1568 1161 1640 sit.

809 1726 1040 1798 Nonne
1104 1724 1245 1798 fleri
1312 1732 1566 1821 potest,
1634 1734 1710 1797 ut
1762 1726 2000 1823 duplex
2050 1729 2270 1801 locum
2322 1727 2625 1800 hahuerit
2674 1751 2808 1799 cer-

715 1896 935 1959 tamen
960 1943 976 1975 ,
1028 1886 1499 1960 didascalicum
1550 1894 1618 1959 et
1667 1886 2091 1981 choragicum
2116 1945 2131 1975 ,
2193 1910 2472 1983 quorum
2525 1888 2806 1961 alterum

708 2073 787 2119 cx
830 2047 1036 2121 altero
1073 2048 1258 2120 nullo
1298 2048 1492 2120 modo
1533 2048 1882 2144 penderet,
1936 2048 2026 2118 ita
2078 2055 2153 2121 ut
2201 2046 2343 2120 fieri
2394 2056 2651 2144 posset,
2696 2057 2804 2138 ut,

706 2208 816 2280 uhi
868 2214 1059 2306 poeta
1110 2208 1439 2295 vinceret,
1491 2207 1733 2281 chorus
1774 2206 2029 2280 cladem
2074 2209 2435 2305 acciperet,
2488 2216 2604 2281 aut
2654 2233 2805 2281 con-

704 2370 976 2441 trarium
1041 2368 1400 2455 obtineret,
1468 2393 1705 2464 nempe
1772 2368 1882 2440 uhi
1934 2369 2174 2441 chorus
2224 2370 2554 2458 vinceret,
2608 2377 2799 2465 poeta

701 2528 1121 2605 vinceretur?
1166 2527 1240 2622 ¹).

765 2862 816 2926 1)
861 2862 922 2913 Si
966 2862 1062 2913 hoc
1091 2864 1425 2924 admittimus,
1469 2880 1629 2916 unum
1676 2857 1839 2916 adhuc
1873 2865 2018 2916 nobis
2052 2874 2303 2931 superest,
2334 2875 2393 2918 ut
2427 2868 2665 2919 nimirum
2698 2877 2793 2922 sta·

692 2968 913 3022 tuamne,
948 2961 1249 3011 histrionum
1279 2975 1477 3027 quoque
1510 2963 1762 3027 peculiare
1795 2963 2068 3014 obtinuisse
2102 2971 2375 3016 certamen.

760 3057 1022 3123 Ejusmodi
1063 3058 1185 3123 quid
1227 3073 1401 3109 revera
1439 3065 1655 3109 statuere
1699 3060 1896 3109 videtur
1940 3058 2186 3124 Geppcrt,
2231 3062 2318 3127 qui
2351 3062 2471 3112 dicit
2505 3061 2786 3128 (altgriech.

689 3156 900 3217 Biihnc,
944 3172 992 3220 p.
1022 3158 1172 3221 265)=
1228 3156 1361 3205 „Das
1406 3156 1635 3206 Resultat
1666 3157 1792 3206 aller
1832 3158 1996 3207 dieser
2035 3158 2301 3208 Umtriebe
2341 3174 2447 3209 war
2498 3161 2634 3211 denn
2680 3178 2785 3211 nun

690 3253 887 3302 eudlich
920 3254 1008 3302 der
1044 3252 1193 3316 Sieg,
1230 3254 1352 3302 iiber
1378 3254 1477 3302 den
1511 3254 1563 3302 in
1597 3255 1689 3303 der
1719 3253 1968 3318 Tragiidie
1995 3255 2154 3315 zeIm,
2189 3257 2244 3316 in
2277 3257 2368 3306 der
2396 3257 2647 3308 Komiidie
2679 3258 2798 3307 siinf

694 3348 900 3398 Richter
934 3364 997 3397 zu
1032 3350 1351 3400 entscheiden
1388 3350 1579 3400 hatten.
1650 3351 1722 3399 Es
1753 3352 1925 3402 wurde
1957 3352 2075 3401 aber
2107 3352 2255 3403 dabei
2296 3352 2436 3402 nicht
2479 3354 2631 3404 allein
2666 3356 2790 3405 iiber

685 3447 767 3496 die
792 3447 1102 3510 Leistungen
1136 3448 1226 3496 der
1257 3445 1523 3510 Chol-agen
1555 3447 1662 3496 und
1688 3446 1900 3497 Dichter
1930 3449 2224 3512 geurtheilt,
2258 3451 2475 3499 sondern
2502 3452 2630 3501 auch
2664 3453 2786 3502 iiber

686 3545 768 3591 die
814 3542 1188 3607 Schauspieler,
1232 3545 1338 3593 und
1378 3544 1490 3593 hier
1530 3557 1620 3596 um
1660 3558 1717 3593 so
1759 3551 2011 3608 strenger,
2055 3546 2123 3595 da
2155 3561 2272 3595 man
2305 3560 2453 3611 sogar
2486 3547 2539 3597 in
2573 3546 2781 3609 Fiillen,

686 3654 766 3691 wo
799 3654 852 3689 es
885 3642 1063 3705 nothig
1086 3642 1255 3691 schien
1274 3680 1289 3701 ‚
1324 3642 1452 3691 auch
1487 3641 1577 3691 auf
1606 3640 1774 3692 Strase
1807 3642 2067 3693 erkannte.
2134 3641 2232 3693 Die
2264 3643 2469 3694 hiichste
2503 3645 2668 3706 Ehre,
2701 3647 2784 3698 die

685 3738 803 3786 dem
836 3736 1046 3787 Dichter
1077 3755 1139 3787 zu
1176 3739 1325 3788 Theil
1353 3740 1553 3789 werden
1587 3739 1779 3789 konnte
1793 3778 1808 3799 ,
1841 3754 1947 3788 war
1978 3740 2061 3789 die
2087 3741 2175 3789 der
2208 3740 2529 3791 offentlichen
2558 3743 2780 3794 Bekriin-

685 3851 846 3899 zmag,
878 3848 1118 3898 wogegen
1152 3836 1241 3884 der
1272 3834 1472 3897 Chorag
1503 3835 1632 3883 noch
1665 3837 1951 3885 ausser-dem
1987 3837 2068 3885 die
2101 3837 2394 3886 Erlaubnisz
2423 3838 2628 3901 erhielt,
2662 3843 2776 3892 dem

686 3932 808 3981 Gott
849 3932 901 3981 in
947 3931 1125 3994 Bezug
1162 3930 1255 3980 auf
1279 3932 1450 3981 scinen
1485 3931 1609 3995 Sieg
1639 3932 1721 3981 eiu
1763 3933 2170 3997 Weihgeschenk
2205 3933 2414 3983 macheu
2449 3951 2512 3985 zu
2545 3937 2783 3988 diirfcn.”·

686 4030 788 4090 Qui
831 4036 1001 4079 tamen
1043 4028 1210 4086 locus,
1261 4029 1317 4078 ni
1364 4028 1534 4090 fallor,
1580 4044 1683 4079 non
1730 4030 1800 4078 ita
1842 4030 2194 4094 explicanduS,
2239 4037 2295 4078 ut
2328 4045 2444 4081 eum
2475 4035 2664 4098 duplex
2699 4037 2781 4086 vel

683 4128 847 4190 potius
878 4127 1064 4190 triplex
1095 4131 1345 4176 certamen
1380 4132 1595 4176 statuere
1629 4132 1886 4190 putemus„
1920 4127 2008 4176 sed
2040 4126 2093 4175 in
2126 4128 2397 4179 certamine
2428 4136 2528 4180 tres
2544 4146 2778 4195 personas

682 4224 919 4273 victoriae
950 4224 1211 4287 participes
1240 4223 1406 4280 fuisse.
1474 4223 1599 4284 Quis
1625 4230 1794 4273 tamen
1821 4224 1973 4272 trium
2002 4223 2202 4272 illorum
2235 4224 2497 4277 hominum
2525 4235 2776 4279 certamen

679 4323 991 4400 decerneret,
1036 4322 1280 4370 incertum
1327 4335 1391 4370 ex
1437 4321 1672 4385 Gepperti
1706 4321 1871 4371 verbis
1906 4327 2093 4386 manet;
2137 4322 2252 4372 licet
2277 4323 2384 4386 jam
2421 4340 2485 4376 ex
2521 4340 2605 4386 eo,
2640 4315 2775 4392 quod
