<?xml version="1.0" encoding="UTF-8"?>
<!DOCTYPE html PUBLIC "-//W3C//DTD XHTML 1.0 Transitional//EN"
    "http://www.w3.org/TR/xhtml1/DTD/xhtml1-transitional.dtd">
<html xmlns="http://www.w3.org/1999/xhtml" xml:lang="en" lang="en">
 <head>
  <title>
</title>
<meta http-equiv="Content-Type" content="text/html;charset=utf-8" />
  <meta name='ocr-system' content='tesseract 3.04.00' />
  <meta name='ocr-capabilities' content='ocr_page ocr_carea ocr_par ocr_line ocrx_word'/>
</head>
<body>
  <div class='ocr_page' id='page_1' title='image "./quaestionesscen00brilgoog_0086.png"; bbox 0 0 3414 5176; ppageno 0'>
   <div class='ocr_carea' id='block_1_1' title="bbox 1754 533 1842 604">
    <p class='ocr_par' dir='ltr' id='par_1_1' title="bbox 1754 533 1842 604">
     <span class='ocr_line' id='line_1_1' title="bbox 1754 533 1842 604; baseline 0.011 -1"><span class='ocrx_word' id='word_1_1' title='bbox 1754 533 1842 604; x_wconf 76' lang='lat'><strong>74</strong></span> 
     </span>
    </p>
   </div>
   <div class='ocr_carea' id='block_1_2' title="bbox 685 760 2823 4219">
    <p class='ocr_par' dir='ltr' id='par_1_2' title="bbox 725 760 2823 1157">
     <span class='ocr_line' id='line_1_2' title="bbox 829 760 2823 837; baseline 0.001 -2"><span class='ocrx_word' id='word_1_2' title='bbox 829 760 1046 836; x_wconf 90' lang='lat' dir='ltr'><strong>Unum</strong></span> <span class='ocrx_word' id='word_1_3' title='bbox 1111 769 1334 834; x_wconf 91' lang='lat' dir='ltr'><strong>tamen</strong></span> <span class='ocrx_word' id='word_1_4' title='bbox 1397 761 1554 834; x_wconf 91' lang='lat' dir='ltr'><strong>huic</strong></span> <span class='ocrx_word' id='word_1_5' title='bbox 1613 783 1803 833; x_wconf 90' lang='lat' dir='ltr'><strong>meae</strong></span> <span class='ocrx_word' id='word_1_6' title='bbox 1853 763 2221 833; x_wconf 89' lang='lat' dir='ltr'><strong>sententiae</strong></span> <span class='ocrx_word' id='word_1_7' title='bbox 2272 762 2601 836; x_wconf 87' lang='lat' dir='ltr'><strong>adversari</strong></span> <span class='ocrx_word' id='word_1_8' title='bbox 2650 763 2823 837; x_wconf 88' lang='lat' dir='ltr'><strong>vide-</strong></span> 
     </span>
     <span class='ocr_line' id='line_1_3' title="bbox 725 920 2820 1019; baseline 0 -22"><span class='ocrx_word' id='word_1_9' title='bbox 725 930 835 997; x_wconf 82' lang='lat' dir='ltr'><strong>tur</strong></span> <span class='ocrx_word' id='word_1_10' title='bbox 856 978 872 1011; x_wconf 91' lang='lat'><strong>,</strong></span> <span class='ocrx_word' id='word_1_11' title='bbox 924 923 1097 1019; x_wconf 91' lang='lat' dir='ltr'><strong>quod</strong></span> <span class='ocrx_word' id='word_1_12' title='bbox 1147 922 1519 996; x_wconf 89' lang='lat' dir='ltr'><strong>Boeckhius</strong></span> <span class='ocrx_word' id='word_1_13' title='bbox 1550 923 1821 1017; x_wconf 90' lang='lat' dir='ltr'><strong>quidem</strong></span> <span class='ocrx_word' id='word_1_14' title='bbox 1863 946 1993 994; x_wconf 92' lang='lat' dir='ltr'><strong>non</strong></span> <span class='ocrx_word' id='word_1_15' title='bbox 2037 921 2262 1009; x_wconf 86' lang='lat' dir='ltr'><strong>affert,</strong></span> <span class='ocrx_word' id='word_1_16' title='bbox 2313 923 2503 1017; x_wconf 87' lang='lat' dir='ltr'><strong>cujus</strong></span> <span class='ocrx_word' id='word_1_17' title='bbox 2544 920 2699 998; x_wconf 66' lang='lat' dir='ltr'><strong>vcro</strong></span> <span class='ocrx_word' id='word_1_18' title='bbox 2741 925 2820 997; x_wconf 91' lang='lat' dir='ltr'><strong>ab</strong></span> 
     </span>
     <span class='ocr_line' id='line_1_4' title="bbox 725 1082 1600 1157; baseline -0.003 -1"><span class='ocrx_word' id='word_1_19' title='bbox 725 1085 872 1157; x_wconf 87' lang='lat' dir='ltr'><strong>aliis</strong></span> <span class='ocrx_word' id='word_1_20' title='bbox 922 1085 1172 1156; x_wconf 91' lang='lat' dir='ltr'><strong>mentio</strong></span> <span class='ocrx_word' id='word_1_21' title='bbox 1217 1083 1360 1156; x_wconf 87' lang='lat' dir='ltr'><strong>fieri</strong></span> <span class='ocrx_word' id='word_1_22' title='bbox 1413 1082 1600 1155; x_wconf 87' lang='lat' dir='ltr'><strong>solet.</strong></span> 
     </span>
    </p>

    <p class='ocr_par' dir='ltr' id='par_1_3' title="bbox 685 1242 2820 4219">
     <span class='ocr_line' id='line_1_5' title="bbox 818 1242 2820 1341; baseline 0.001 -28"><span class='ocrx_word' id='word_1_23' title='bbox 818 1243 1031 1320; x_wconf 81' lang='lat' dir='ltr'><strong>Verba</strong></span> <span class='ocrx_word' id='word_1_24' title='bbox 1120 1242 1329 1333; x_wconf 91' lang='lat' dir='ltr'><strong>enim,</strong></span> <span class='ocrx_word' id='word_1_25' title='bbox 1397 1267 1570 1339; x_wconf 89' lang='lat' dir='ltr'><strong>quae</strong></span> <span class='ocrx_word' id='word_1_26' title='bbox 1643 1244 1819 1341; x_wconf 89' lang='lat' dir='ltr'><strong>apud</strong></span> <span class='ocrx_word' id='word_1_27' title='bbox 1889 1242 2224 1317; x_wconf 88' lang='lat' dir='ltr'><strong>Pollucem</strong></span> <span class='ocrx_word' id='word_1_28' title='bbox 2301 1243 2438 1338; x_wconf 89' lang='lat' dir='ltr'><strong>(lv,</strong></span> <span class='ocrx_word' id='word_1_29' title='bbox 2507 1243 2671 1340; x_wconf 84' lang='lat'><strong>110)</strong></span> <span class='ocrx_word' id='word_1_30' title='bbox 2732 1246 2820 1316; x_wconf 85' lang='lat' dir='ltr'><strong>le-</strong></span> 
     </span>
     <span class='ocr_line' id='line_1_6' title="bbox 719 1409 2816 1500; baseline 0 -24"><span class='ocrx_word' id='word_1_31' title='bbox 719 1410 1004 1500; x_wconf 80' lang='lat' dir='ltr'><strong>guntur:</strong></span> <span class='ocrx_word' id='word_1_32' title='bbox 1085 1412 1184 1478; x_wconf 82' lang='grc' dir='ltr'><strong>»εἰ</strong></span> <span class='ocrx_word' id='word_1_33' title='bbox 1243 1410 1307 1476; x_wconf 78' lang='grc' dir='ltr'><strong>δὲ</strong></span> <span class='ocrx_word' id='word_1_34' title='bbox 1352 1410 1645 1492; x_wconf 66' lang='grc' dir='ltr'><strong>τέταρτος</strong></span> <span class='ocrx_word' id='word_1_35' title='bbox 1709 1410 2030 1494; x_wconf 76' lang='grc' dir='ltr'><strong><em>ὑποκριτής</em></strong></span> <span class='ocrx_word' id='word_1_36' title='bbox 2095 1433 2158 1477; x_wconf 78' lang='grc' dir='ltr'><strong>τι</strong></span> <span class='ocrx_word' id='word_1_37' title='bbox 2232 1409 2773 1495; x_wconf 67' lang='grc' dir='ltr'><strong>παραφθέγξοιιτο</strong></span> <span class='ocrx_word' id='word_1_38' title='bbox 2797 1461 2816 1489; x_wconf 92' lang='grc'><em>,</em></span> 
     </span>
     <span class='ocr_line' id='line_1_7' title="bbox 718 1563 2814 1651; baseline -0 -16"><span class='ocrx_word' id='word_1_39' title='bbox 718 1573 897 1636; x_wconf 77' lang='grc' dir='ltr'><strong><em>τοῦτο</em></strong></span> <span class='ocrx_word' id='word_1_40' title='bbox 940 1568 1455 1651; x_wconf 69' lang='grc' dir='ltr'><strong>παρωχορήγημαι</strong></span> <span class='ocrx_word' id='word_1_41' title='bbox 1495 1569 1782 1636; x_wconf 66' lang='grc' dir='ltr'><strong>ἐκαλεῖτο</strong></span> <span class='ocrx_word' id='word_1_42' title='bbox 1802 1568 1874 1648; x_wconf 89' lang='grc'><strong>,”</strong></span> <span class='ocrx_word' id='word_1_43' title='bbox 1928 1563 2294 1636; x_wconf 80' lang='lat' dir='ltr'><strong>secundum</strong></span> <span class='ocrx_word' id='word_1_44' title='bbox 2344 1563 2698 1636; x_wconf 86' lang='lat' dir='ltr'><strong>nonnullos</strong></span> <span class='ocrx_word' id='word_1_45' title='bbox 2747 1563 2814 1635; x_wconf 87' lang='lat' dir='ltr'><strong>id</strong></span> 
     </span>
     <span class='ocr_line' id='line_1_8' title="bbox 716 1720 2814 1822; baseline 0.001 -27"><span class='ocrx_word' id='word_1_46' title='bbox 716 1722 1023 1820; x_wconf 90' lang='lat' dir='ltr'><strong>probant,</strong></span> <span class='ocrx_word' id='word_1_47' title='bbox 1068 1720 1430 1817; x_wconf 77' lang='lat' dir='ltr'>choragum</span> <span class='ocrx_word' id='word_1_48' title='bbox 1475 1728 1607 1794; x_wconf 88' lang='lat' dir='ltr'><strong>tres</strong></span> <span class='ocrx_word' id='word_1_49' title='bbox 1648 1720 2002 1795; x_wconf 83' lang='lat' dir='ltr'><strong>histriones</strong></span> <span class='ocrx_word' id='word_1_50' title='bbox 2050 1723 2412 1796; x_wconf 88' lang='lat' dir='ltr'><strong>ordinarios</strong></span> <span class='ocrx_word' id='word_1_51' title='bbox 2460 1746 2593 1797; x_wconf 91' lang='lat' dir='ltr'><strong>non</strong></span> <span class='ocrx_word' id='word_1_52' title='bbox 2635 1747 2814 1822; x_wconf 86' lang='lat' dir='ltr'><strong>prae·</strong></span> 
     </span>
     <span class='ocr_line' id='line_1_9' title="bbox 712 1882 2810 1979; baseline 0.001 -24"><span class='ocrx_word' id='word_1_53' title='bbox 712 1883 973 1970; x_wconf 89' lang='lat' dir='ltr'><strong>buisse,</strong></span> <span class='ocrx_word' id='word_1_54' title='bbox 1027 1882 1083 1954; x_wconf 93' lang='lat' dir='ltr'><strong>si</strong></span> <span class='ocrx_word' id='word_1_55' title='bbox 1137 1905 1291 1955; x_wconf 89' lang='lat' dir='ltr'><strong>vero</strong></span> <span class='ocrx_word' id='word_1_56' title='bbox 1332 1888 1567 1977; x_wconf 84' lang='lat' dir='ltr'><strong>quarto</strong></span> <span class='ocrx_word' id='word_1_57' title='bbox 1607 1906 1776 1979; x_wconf 89' lang='lat' dir='ltr'><strong>opus</strong></span> <span class='ocrx_word' id='word_1_58' title='bbox 1815 1889 1991 1956; x_wconf 88' lang='lat' dir='ltr'><strong>esset</strong></span> <span class='ocrx_word' id='word_1_59' title='bbox 2033 1884 2353 1959; x_wconf 78' lang='lat' dir='ltr'><strong>histrione</strong></span> <span class='ocrx_word' id='word_1_60' title='bbox 2374 1939 2390 1972; x_wconf 93' lang='lat'><strong>,</strong></span> <span class='ocrx_word' id='word_1_61' title='bbox 2432 1884 2614 1959; x_wconf 90' lang='lat' dir='ltr'><strong>hunc</strong></span> <span class='ocrx_word' id='word_1_62' title='bbox 2655 1885 2810 1957; x_wconf 91' lang='lat' dir='ltr'><strong>dare</strong></span> 
     </span>
     <span class='ocr_line' id='line_1_10' title="bbox 709 2042 2805 2136; baseline -0 -20"><span class='ocrx_word' id='word_1_63' title='bbox 709 2043 1015 2116; x_wconf 80' lang='lat' dir='ltr'><strong>debuisse</strong></span> <span class='ocrx_word' id='word_1_64' title='bbox 1087 2047 1273 2114; x_wconf 85' lang='lat' dir='ltr'><strong>extra</strong></span> <span class='ocrx_word' id='word_1_65' title='bbox 1328 2042 1663 2129; x_wconf 84' lang='lat' dir='ltr'><strong>ordinem,</strong></span> <span class='ocrx_word' id='word_1_66' title='bbox 1717 2044 1891 2116; x_wconf 90' lang='lat' dir='ltr'><strong>unde</strong></span> <span class='ocrx_word' id='word_1_67' title='bbox 1941 2067 2219 2117; x_wconf 89' lang='lat' dir='ltr'><strong>nomen:</strong></span> <span class='ocrx_word' id='word_1_68' title='bbox 2272 2054 2805 2136; x_wconf 69' lang='grc' dir='ltr'><strong><em>παρωχορήγημα.</em></strong></span> 
     </span>
     <span class='ocr_line' id='line_1_11' title="bbox 711 2203 2808 2301; baseline 0 -26"><span class='ocrx_word' id='word_1_69' title='bbox 711 2206 945 2277; x_wconf 82' lang='lat' dir='ltr'><strong>Fateor</strong></span> <span class='ocrx_word' id='word_1_70' title='bbox 966 2258 982 2290; x_wconf 89' lang='lat'><strong>,</strong></span> <span class='ocrx_word' id='word_1_71' title='bbox 1049 2226 1157 2275; x_wconf 91' lang='lat' dir='ltr'><strong>me</strong></span> <span class='ocrx_word' id='word_1_72' title='bbox 1222 2203 1420 2299; x_wconf 89' lang='lat' dir='ltr'><strong>hujus</strong></span> <span class='ocrx_word' id='word_1_73' title='bbox 1487 2204 1928 2278; x_wconf 79' lang='lat' dir='ltr'><strong>conclusionis</strong></span> <span class='ocrx_word' id='word_1_74' title='bbox 1976 2206 2438 2278; x_wconf 80' lang='lat' dir='ltr'><strong>necessitatem</strong></span> <span class='ocrx_word' id='word_1_75' title='bbox 2486 2227 2620 2276; x_wconf 91' lang='lat' dir='ltr'><strong>non</strong></span> <span class='ocrx_word' id='word_1_76' title='bbox 2668 2227 2808 2301; x_wconf 88' lang='lat' dir='ltr'><strong>per·</strong></span> 
     </span>
     <span class='ocr_line' id='line_1_12' title="bbox 712 2360 2806 2460; baseline 0 -25"><span class='ocrx_word' id='word_1_77' title='bbox 712 2364 983 2459; x_wconf 84' lang='lat' dir='ltr'><strong>spicere.</strong></span> <span class='ocrx_word' id='word_1_78' title='bbox 1086 2360 1310 2446; x_wconf 80' lang='lat' dir='ltr'><strong>Quum</strong></span> <span class='ocrx_word' id='word_1_79' title='bbox 1358 2366 1537 2435; x_wconf 91' lang='lat' dir='ltr'><strong>enim</strong></span> <span class='ocrx_word' id='word_1_80' title='bbox 1586 2365 1915 2460; x_wconf 82' lang='lat' dir='ltr'><strong>choragus</strong></span> <span class='ocrx_word' id='word_1_81' title='bbox 1964 2373 2099 2438; x_wconf 91' lang='lat' dir='ltr'><strong>tres</strong></span> <span class='ocrx_word' id='word_1_82' title='bbox 2139 2366 2500 2438; x_wconf 87' lang='lat' dir='ltr'><strong>ordinarios</strong></span> <span class='ocrx_word' id='word_1_83' title='bbox 2546 2365 2806 2437; x_wconf 85' lang='lat' dir='ltr'><strong>histrio-</strong></span> 
     </span>
     <span class='ocr_line' id='line_1_13' title="bbox 707 2496 2803 2621; baseline 0 -25"><span class='ocrx_word' id='word_1_84' title='bbox 707 2546 825 2596; x_wconf 90' lang='lat' dir='ltr'><strong>nes</strong></span> <span class='ocrx_word' id='word_1_85' title='bbox 914 2526 1282 2621; x_wconf 81' lang='lat' dir='ltr'><strong>praestaret</strong></span> <span class='ocrx_word' id='word_1_86' title='bbox 1368 2544 1609 2619; x_wconf 90' lang='lat' dir='ltr'><strong>eosque</strong></span> <span class='ocrx_word' id='word_1_87' title='bbox 1710 2496 2106 2597; x_wconf 90' lang='lat' dir='ltr'><strong>exercendos</strong></span> <span class='ocrx_word' id='word_1_88' title='bbox 2181 2531 2483 2613; x_wconf 90' lang='lat' dir='ltr'><strong>curaret,</strong></span> <span class='ocrx_word' id='word_1_89' title='bbox 2573 2523 2803 2598; x_wconf 89' lang='lat' dir='ltr'><strong>eadem</strong></span> 
     </span>
     <span class='ocr_line' id='line_1_14' title="bbox 704 2685 2803 2782; baseline 0.001 -27"><span class='ocrx_word' id='word_1_90' title='bbox 704 2685 959 2755; x_wconf 87' lang='lat' dir='ltr'><strong>ratione</strong></span> <span class='ocrx_word' id='word_1_91' title='bbox 1006 2706 1140 2779; x_wconf 90' lang='lat' dir='ltr'><strong>qua</strong></span> <span class='ocrx_word' id='word_1_92' title='bbox 1188 2685 1537 2758; x_wconf 88' lang='lat' dir='ltr'><strong>choreutas</strong></span> <span class='ocrx_word' id='word_1_93' title='bbox 1559 2743 1586 2775; x_wconf 86' lang='lat'><strong>,.</strong></span> <span class='ocrx_word' id='word_1_94' title='bbox 1625 2708 1883 2774; x_wconf 91' lang='lat' dir='ltr'><strong>nonne,</strong></span> <span class='ocrx_word' id='word_1_95' title='bbox 1947 2688 2002 2758; x_wconf 92' lang='lat' dir='ltr'><strong>si</strong></span> <span class='ocrx_word' id='word_1_96' title='bbox 2052 2692 2364 2782; x_wconf 86' lang='lat' dir='ltr'><strong>quartum</strong></span> <span class='ocrx_word' id='word_1_97' title='bbox 2413 2686 2803 2760; x_wconf 86' lang='lat' dir='ltr'><strong>histrionem</strong></span> 
     </span>
     <span class='ocr_line' id='line_1_15' title="bbox 699 2843 2796 2944; baseline 0.001 -28"><span class='ocrx_word' id='word_1_98' title='bbox 699 2850 886 2916; x_wconf 88' lang='lat' dir='ltr'><strong>extra</strong></span> <span class='ocrx_word' id='word_1_99' title='bbox 934 2843 1230 2918; x_wconf 87' lang='lat' dir='ltr'><strong>ordinem</strong></span> <span class='ocrx_word' id='word_1_100' title='bbox 1279 2846 1511 2918; x_wconf 87' lang='lat' dir='ltr'><strong>sistere</strong></span> <span class='ocrx_word' id='word_1_101' title='bbox 1559 2846 1858 2935; x_wconf 84' lang='lat' dir='ltr'><strong>deberet,</strong></span> <span class='ocrx_word' id='word_1_102' title='bbox 1910 2848 2037 2920; x_wconf 92' lang='lat' dir='ltr'><strong>hoc</strong></span> <span class='ocrx_word' id='word_1_103' title='bbox 2085 2849 2333 2944; x_wconf 86' lang='lat' dir='ltr'><strong>optime</strong></span> <span class='ocrx_word' id='word_1_104' title='bbox 2382 2848 2601 2921; x_wconf 87' lang='lat' dir='ltr'><strong>vocari</strong></span> <span class='ocrx_word' id='word_1_105' title='bbox 2653 2870 2796 2944; x_wconf 91' lang='lat' dir='ltr'><strong>pos-</strong></span> 
     </span>
     <span class='ocr_line' id='line_1_16' title="bbox 694 3008 2793 3105; baseline 0.001 -28"><span class='ocrx_word' id='word_1_106' title='bbox 694 3012 799 3077; x_wconf 89' lang='lat' dir='ltr'><strong>set</strong></span> <span class='ocrx_word' id='word_1_107' title='bbox 846 3009 1414 3096; x_wconf 67' lang='grc' dir='ltr'><strong>παροιχορήγημαιῗ</strong></span> <span class='ocrx_word' id='word_1_108' title='bbox 1482 3008 1661 3081; x_wconf 89' lang='lat' dir='ltr'><strong>Talis</strong></span> <span class='ocrx_word' id='word_1_109' title='bbox 1702 3010 1910 3105; x_wconf 81' lang='lat' dir='ltr'><strong>igitur</strong></span> <span class='ocrx_word' id='word_1_110' title='bbox 1959 3008 2370 3082; x_wconf 87' lang='lat' dir='ltr'><strong>ratiocinatio</strong></span> <span class='ocrx_word' id='word_1_111' title='bbox 2413 3010 2494 3080; x_wconf 89' lang='lat' dir='ltr'><strong>ad</strong></span> <span class='ocrx_word' id='word_1_112' title='bbox 2545 3030 2793 3096; x_wconf 89' lang='lat' dir='ltr'><strong>meam,</strong></span> 
     </span>
     <span class='ocr_line' id='line_1_17' title="bbox 698 3164 2795 3276; baseline 0.002 -39"><span class='ocrx_word' id='word_1_113' title='bbox 698 3166 768 3237; x_wconf 88' lang='lat' dir='ltr'><strong>ni</strong></span> <span class='ocrx_word' id='word_1_114' title='bbox 834 3164 1060 3254; x_wconf 82' lang='lat' dir='ltr'><strong>fallor,</strong></span> <span class='ocrx_word' id='word_1_115' title='bbox 1125 3169 1345 3263; x_wconf 89' lang='lat' dir='ltr'><strong>potius</strong></span> <span class='ocrx_word' id='word_1_116' title='bbox 1411 3193 1611 3264; x_wconf 91' lang='lat' dir='ltr'><strong>quam</strong></span> <span class='ocrx_word' id='word_1_117' title='bbox 1662 3171 1745 3242; x_wconf 93' lang='lat' dir='ltr'><strong>ad</strong></span> <span class='ocrx_word' id='word_1_118' title='bbox 1796 3173 2193 3276; x_wconf 79' lang='lat' dir='ltr'><strong>contrariam</strong></span> <span class='ocrx_word' id='word_1_119' title='bbox 2245 3169 2535 3251; x_wconf 87' lang='lat' dir='ltr'><strong>adhiberi</strong></span> <span class='ocrx_word' id='word_1_120' title='bbox 2578 3176 2795 3266; x_wconf 88' lang='lat' dir='ltr'><strong>potest</strong></span> 
     </span>
     <span class='ocr_line' id='line_1_18' title="bbox 697 3327 2793 3427; baseline 0.002 -28"><span class='ocrx_word' id='word_1_121' title='bbox 697 3327 1119 3399; x_wconf 88' lang='lat' dir='ltr'><strong>sententiam.</strong></span> <span class='ocrx_word' id='word_1_122' title='bbox 1199 3328 1414 3400; x_wconf 89' lang='lat' dir='ltr'><strong>Etiam</strong></span> <span class='ocrx_word' id='word_1_123' title='bbox 1465 3354 1634 3425; x_wconf 89' lang='lat' dir='ltr'><strong>quae</strong></span> <span class='ocrx_word' id='word_1_124' title='bbox 1676 3337 2046 3427; x_wconf 88' lang='lat' dir='ltr'><strong>sequuntur</strong></span> <span class='ocrx_word' id='word_1_125' title='bbox 2087 3331 2375 3403; x_wconf 90' lang='lat' dir='ltr'><strong>Pollucis</strong></span> <span class='ocrx_word' id='word_1_126' title='bbox 2416 3333 2460 3402; x_wconf 90' lang='lat' dir='ltr'><strong>l.</strong></span> <span class='ocrx_word' id='word_1_127' title='bbox 2490 3333 2533 3402; x_wconf 92' lang='lat' dir='ltr'><strong>l.</strong></span> <span class='ocrx_word' id='word_1_128' title='bbox 2563 3331 2793 3418; x_wconf 87' lang='lat' dir='ltr'><strong>verba,</strong></span> 
     </span>
     <span class='ocr_line' id='line_1_19' title="bbox 699 3489 2797 3588; baseline 0.001 -29"><span class='ocrx_word' id='word_1_129' title='bbox 699 3510 815 3583; x_wconf 89' lang='lat' dir='ltr'><strong>pro</strong></span> <span class='ocrx_word' id='word_1_130' title='bbox 862 3511 1012 3560; x_wconf 91' lang='lat' dir='ltr'><strong>mea</strong></span> <span class='ocrx_word' id='word_1_131' title='bbox 1062 3489 1352 3561; x_wconf 88' lang='lat' dir='ltr'><strong>militant</strong></span> <span class='ocrx_word' id='word_1_132' title='bbox 1400 3493 1764 3579; x_wconf 87' lang='lat' dir='ltr'><strong>sententia;</strong></span> <span class='ocrx_word' id='word_1_133' title='bbox 1816 3514 2053 3588; x_wconf 91' lang='lat' dir='ltr'><strong>nempe</strong></span> <span class='ocrx_word' id='word_1_134' title='bbox 2113 3490 2327 3562; x_wconf 90' lang='lat' dir='ltr'><strong>addit:</strong></span> <span class='ocrx_word' id='word_1_135' title='bbox 2409 3494 2637 3563; x_wconf 66' lang='grc' dir='ltr'><em>»ἕω-ατε</em></span> <span class='ocrx_word' id='word_1_136' title='bbox 2682 3499 2797 3576; x_wconf 78' lang='grc' dir='ltr'><strong>μὲν</strong></span> 
     </span>
     <span class='ocr_line' id='line_1_20' title="bbox 692 3652 2794 3739; baseline 0.001 -21"><span class='ocrx_word' id='word_1_137' title='bbox 692 3652 834 3719; x_wconf 66' lang='grc' dir='ltr'><strong>ἀντὶ</strong></span> <span class='ocrx_word' id='word_1_138' title='bbox 887 3654 1185 3737; x_wconf 68' lang='grc' dir='ltr'><strong><em>τετάρτου</em></strong></span> <span class='ocrx_word' id='word_1_139' title='bbox 1249 3658 1565 3738; x_wconf 77' lang='grc' dir='ltr'><em>ὑποκριτοῦ</em></span> <span class='ocrx_word' id='word_1_140' title='bbox 1615 3659 1731 3726; x_wconf 78' lang='grc' dir='ltr'><em>δέοι</em></span> <span class='ocrx_word' id='word_1_141' title='bbox 1777 3660 1920 3725; x_wconf 68' lang='grc' dir='ltr'><strong>τινὰ</strong></span> <span class='ocrx_word' id='word_1_142' title='bbox 1963 3666 2081 3725; x_wconf 79' lang='grc' dir='ltr'><strong>τῶν</strong></span> <span class='ocrx_word' id='word_1_143' title='bbox 2133 3661 2434 3739; x_wconf 80' lang='grc' dir='ltr'><em>χορευτῶν</em></span> <span class='ocrx_word' id='word_1_144' title='bbox 2494 3655 2688 3722; x_wconf 79' lang='grc' dir='ltr'><em>εἰπεῖν</em></span> <span class='ocrx_word' id='word_1_145' title='bbox 2733 3656 2794 3720; x_wconf 85' lang='grc' dir='ltr'><strong>ἐν</strong></span> 
     </span>
     <span class='ocr_line' id='line_1_21' title="bbox 685 3807 2790 3900; baseline 0.002 -25"><span class='ocrx_word' id='word_1_146' title='bbox 685 3808 836 3895; x_wconf 69' lang='grc' dir='ltr'><strong>ᾠδῇ,</strong></span> <span class='ocrx_word' id='word_1_147' title='bbox 874 3815 1287 3894; x_wconf 66' lang='grc' dir='ltr'><strong>παρωσκήνιον</strong></span> <span class='ocrx_word' id='word_1_148' title='bbox 1325 3824 1619 3882; x_wconf 69' lang='grc' dir='ltr'><strong>καλεῖται</strong></span> <span class='ocrx_word' id='word_1_149' title='bbox 1659 3819 1730 3882; x_wconf 79' lang='grc' dir='ltr'><strong>τὸ</strong></span> <span class='ocrx_word' id='word_1_150' title='bbox 1780 3818 2121 3900; x_wconf 68' lang='grc' dir='ltr'><strong><em>πρῶγμαι.”</em></strong></span> <span class='ocrx_word' id='word_1_151' title='bbox 2198 3807 2373 3895; x_wconf 82' lang='lat' dir='ltr'><strong>Quid</strong></span> <span class='ocrx_word' id='word_1_152' title='bbox 2415 3808 2592 3880; x_wconf 82' lang='lat' dir='ltr'><strong>enim</strong></span> <span class='ocrx_word' id='word_1_153' title='bbox 2634 3808 2790 3880; x_wconf 79' lang='lat' dir='ltr'><strong>inde</strong></span> 
     </span>
     <span class='ocr_line' id='line_1_22' title="bbox 688 3965 2787 4065; baseline 0.004 -31"><span class='ocrx_word' id='word_1_154' title='bbox 688 3965 1033 4059; x_wconf 81' lang='lat' dir='ltr'><strong>sequitur?</strong></span> <span class='ocrx_word' id='word_1_155' title='bbox 1125 3966 1332 4039; x_wconf 89' lang='lat' dir='ltr'><strong>Penes</strong></span> <span class='ocrx_word' id='word_1_156' title='bbox 1407 3968 1770 4065; x_wconf 84' lang='lat' dir='ltr'><strong>choragum</strong></span> <span class='ocrx_word' id='word_1_157' title='bbox 1838 3971 2044 4042; x_wconf 84' lang='lat' dir='ltr'><strong>fuisse</strong></span> <span class='ocrx_word' id='word_1_158' title='bbox 2109 3970 2493 4057; x_wconf 89' lang='lat' dir='ltr'><strong>decernere,</strong></span> <span class='ocrx_word' id='word_1_159' title='bbox 2563 3976 2787 4045; x_wconf 88' lang='lat' dir='ltr'><strong>utrum</strong></span> 
     </span>
     <span class='ocr_line' id='line_1_23' title="bbox 688 4129 2786 4219; baseline 0.004 -25"><span class='ocrx_word' id='word_1_160' title='bbox 688 4132 963 4218; x_wconf 87' lang='lat' dir='ltr'><strong>quartus</strong></span> <span class='ocrx_word' id='word_1_161' title='bbox 1026 4129 1363 4202; x_wconf 87' lang='lat' dir='ltr'><strong>accederet</strong></span> <span class='ocrx_word' id='word_1_162' title='bbox 1440 4131 1703 4219; x_wconf 80' lang='lat' dir='ltr'><strong>histrio,</strong></span> <span class='ocrx_word' id='word_1_163' title='bbox 1785 4155 1866 4201; x_wconf 90' lang='lat' dir='ltr'><strong>an</strong></span> <span class='ocrx_word' id='word_1_164' title='bbox 1929 4155 2102 4203; x_wconf 90' lang='lat' dir='ltr'><strong>unus</strong></span> <span class='ocrx_word' id='word_1_165' title='bbox 2179 4131 2643 4207; x_wconf 89' lang='lat' dir='ltr'><strong>choreutarum</strong></span> <span class='ocrx_word' id='word_1_166' title='bbox 2719 4133 2786 4203; x_wconf 90' lang='lat' dir='ltr'><strong>in</strong></span> 
     </span>
    </p>
   </div>
   <div class='ocr_carea' id='block_1_3' title="bbox 685 4288 2378 4389">
    <p class='ocr_par' dir='ltr' id='par_1_4' title="bbox 685 4288 2378 4389">
     <span class='ocr_line' id='line_1_24' title="bbox 685 4288 2378 4389; baseline 0.004 -29"><span class='ocrx_word' id='word_1_167' title='bbox 685 4288 863 4384; x_wconf 84' lang='lat' dir='ltr'><strong>parvi</strong></span> <span class='ocrx_word' id='word_1_168' title='bbox 916 4293 1228 4363; x_wconf 90' lang='lat' dir='ltr'><strong>momenti</strong></span> <span class='ocrx_word' id='word_1_169' title='bbox 1284 4293 1579 4387; x_wconf 86' lang='lat' dir='ltr'><strong>partibus</strong></span> <span class='ocrx_word' id='word_1_170' title='bbox 1632 4295 1698 4365; x_wconf 91' lang='lat' dir='ltr'><strong>in</strong></span> <span class='ocrx_word' id='word_1_171' title='bbox 1755 4316 2019 4367; x_wconf 85' lang='lat' dir='ltr'><strong>scenam</strong></span> <span class='ocrx_word' id='word_1_172' title='bbox 2073 4296 2378 4389; x_wconf 88' lang='lat' dir='ltr'><strong>prodiret.</strong></span> 
     </span>
    </p>
   </div>
   <div class='ocr_carea' id='block_1_4' title="bbox 3382 1773 3384 2278">
    <p class='ocr_par' dir='ltr' id='par_1_5' title="bbox 3382 1773 3384 2278">
     <span class='ocr_line' id='line_1_25' title="bbox 3382 1773 3384 2278; baseline 0 0"><span class='ocrx_word' id='word_1_173' title='bbox 3382 1773 3384 2278; x_wconf 95' lang='lat' dir='ltr'><strong> </strong></span> 
     </span>
    </p>
   </div>
   <div class='ocr_carea' id='block_1_5' title="bbox 3382 3101 3384 5139">
    <p class='ocr_par' dir='ltr' id='par_1_6' title="bbox 3382 3101 3384 5139">
     <span class='ocr_line' id='line_1_26' title="bbox 3382 3101 3384 5139; baseline 0 0"><span class='ocrx_word' id='word_1_174' title='bbox 3382 3101 3384 5139; x_wconf 95' lang='lat' dir='ltr'><strong> </strong></span> 
     </span>
    </p>
   </div>
  </div>
 </body>
</html>
