3414 5176
1585 549 1671 619 79

582 805 735 857 vero
803 775 1256 851 tantummodo
1323 774 1454 846 dici
1521 795 1715 868 posse
1784 775 2102 860 victores,
2171 779 2498 869 quatenus
2547 774 2675 872 ipsi

582 936 838 1009 fabulas
903 955 1056 1006 suas
1122 929 1505 1016 docuerint,
1574 930 1616 999 i.
1662 951 1720 997 e.
1792 933 2121 1024 quatenus
2177 945 2258 1019 τῇ
2302 934 2677 1024 διδασκαλίᾳ

584 1114 655 1162 se
704 1094 928 1187 poetas
995 1108 1142 1159 esse
1208 1082 1471 1179 publice
1520 1082 2005 1181 profiterentur.
2108 1080 2455 1157 Manifesto
2504 1107 2563 1156 e.
2607 1107 2673 1179 g.

588 1244 952 1328 sententia,
1007 1262 1140 1312 non
1189 1239 1408 1335 ipsum
1458 1245 1760 1337 poetam,
1814 1236 1930 1308 sed
1981 1235 2256 1311 chorum
2312 1244 2678 1334 reportasse

582 1398 959 1483 victoriam,
1008 1396 1118 1470 cui
1161 1395 1426 1491 quidem
1479 1391 1676 1465 choro
1720 1393 2124 1486 praestantia
2171 1414 2293 1464 sua
2336 1392 2677 1466 victoriam

582 1550 836 1623 dederit
900 1558 1129 1648 poeta,
1198 1554 1413 1621 exstat
1476 1549 1545 1619 in
1615 1546 1929 1641 Equitum
1991 1544 2288 1642 parabasi
2338 1571 2435 1619 vs,
2491 1544 2674 1634 521,

580 1705 690 1776 uhi
742 1704 981 1779 chorus
1031 1706 1114 1776 de
1164 1704 1473 1799 Magnete
1525 1707 1720 1799 poeta
1769 1701 1958 1772 dicit:

573 1858 681 1939 »ὃς
728 1874 1005 1932 πλεῖστοι
1045 1872 1236 1948 χορῶν
1277 1872 1395 1930 τῶν
1440 1862 1805 1930 ἀντιπάλων
1850 1861 2016 1936 νίκης
2065 1860 2285 1937 ἔστησε
2334 1860 2673 1943 τροπαῖοι.”

676 2010 1056 2104 Magnetem
1107 2012 1314 2105 igitur
1367 2009 1529 2079 dicit
1580 2009 1720 2081 suis
1772 2006 1989 2078 choris
2055 2030 2252 2105 saepe
2310 2013 2675 2106 reportasse

580 2162 920 2236 victoriam
972 2164 1058 2235 de
1107 2163 1323 2234 choris
1391 2161 1932 2235 adversariorum.
2033 2159 2218 2247 Quae
2267 2163 2542 2250 docent,
2592 2163 2675 2234 de

581 2318 842 2388 scenico
906 2338 1168 2411 quoque
1233 2315 1591 2388 certamine
1657 2315 1876 2387 valere
1915 2313 2098 2387 ‘idem
2122 2370 2161 2404 ,.
2188 2317 2361 2411 quod
2409 2319 2481 2389 in
2530 2315 2676 2388 tibi-

583 2469 805 2541 cinum
871 2469 1218 2542 chororum
1284 2468 1641 2540 certamine
1707 2467 2070 2541 obtinuisse
2138 2478 2408 2568 apparet
2463 2495 2502 2542 e
2552 2469 2672 2542 De-

578 2623 940 2697 mosthenis
990 2623 1315 2708 Midiana,
1368 2621 1720 2695 brabeutas
1763 2624 1845 2695 de
1879 2624 2061 2696 chori
2128 2628 2333 2701 solius
2382 2626 2668 2713 meritis,

577 2785 693 2849 aut
743 2779 979 2850 saltem
1028 2776 1350 2873 inprimis'
1379 2776 1460 2847 de
1510 2776 1709 2848 choro
1753 2777 2104 2872 judicasse.

673 2931 891 3005 Facile
941 2933 1208 3004 omnino
1260 2938 1469 3017 esset,
1522 2953 1603 3001 ex
1651 2932 1774 3018 iis,
1826 2934 1939 3026 qui
1989 2932 2072 3004 de
2114 2933 2401 3031 chorago
2442 2934 2670 3007 litibus

580 3086 1037 3180 scripserunt,
1102 3084 1482 3156 oratoribus
1557 3089 1663 3153 tot
1743 3084 1978 3155 afferre
2041 3085 2259 3171 locOS,
2336 3087 2449 3179 qui
2526 3108 2670 3183 pro·

573 3236 804 3307 barent
843 3237 1132 3309 tribuum
1176 3236 1541 3308 certamina
1582 3241 1783 3329 atque
1832 3237 2176 3326 victoriaS,
2221 3246 2384 3335 quot
2432 3239 2670 3313 scholi-

571 3397 864 3465 astarum
915 3390 995 3462 de
1060 3397 1404 3486 poetarum
1469 3391 1940 3464 certaminibus
1988 3394 2412 3489 victoriisque
2469 3393 2667 3465 effata

570 3569 768 3642 supra
801 3544 1240 3620 laudavimus.
1344 3544 1611 3617 Nullam
1654 3551 1878 3617 tamen
1920 3568 2179 3634 earum,
2232 3570 2401 3644 quae
2441 3571 2665 3645 super·

571 3704 767 3786 sunt,
817 3702 1182 3776 orationem
1234 3700 1315 3772 de
1352 3699 1714 3772 dramatioa
1764 3722 1961 3796 agere
1999 3700 2346 3799 choragia,
2389 3703 2665 3779 adversa

570 3849 832 3924 fortuna
904 3857 1159 3943 voluit,
1236 3879 1434 3951 quam
1510 3856 1717 3927 solam
1807 3855 1917 3928 hic
1998 3864 2375 3955 spectamus
2440 3858 2664 3930 chora-

570 4004 748 4098 giam
771 4059 787 4091 ,
854 4028 1081 4082 omnes
1150 4035 1301 4087 vero
1360 4013 1444 4084 de
1501 4012 1822 4097 auletica,
1866 4012 2071 4105 lyrica
2092 4069 2109 4101 ‚
2152 4015 2409 4085 ceteris,
2479 4009 2661 4107 Opus

570 4158 775 4253 igitur
838 4159 962 4229 erit
1039 4186 1074 4232 e
1141 4167 1538 4239 comicorum
1602 4167 1763 4237 locis
1816 4188 2162 4259 quaerere,
2216 4166 2388 4262 quod
2465 4162 2662 4239 faciat

570 4310 649 4383 ad
701 4336 839 4386 rem
892 4321 1203 4386 nostram.
