3414 5176
1702 556 1793 626 56

810 777 968 849 Inde
1042 777 1519 868 concludimuS,
1598 779 2098 876 Aristophanem
2160 785 2442 875 poetam,
2502 780 2815 852 didascali

710 961 955 1009 munus
1029 962 1158 1009 non
1227 940 1720 1036 suscipientem,
1781 941 2114 1013 nullorum
2174 941 2560 1036 participem
2619 939 2815 1011 hono-

709 1121 857 1169 rum
934 1099 1135 1170 fuisse
1211 1106 1410 1194 atque
1475 1101 1648 1174 hanc
1722 1102 1805 1173 ob
1880 1124 2148 1174 causam
2209 1102 2609 1173 comicorum
2649 1100 2815 1195 jocis

705 1257 909 1330 fuisse
957 1259 1330 1332 obnoxium.

800 1417 1027 1514 Neque
1103 1421 1238 1492 ullo
1305 1421 1498 1492 modo
1564 1428 1665 1492 est
1733 1420 1975 1492 mirum
2025 1422 2228 1494 solius
2278 1421 2460 1493 chori
2510 1420 2811 1514 magistri

703 1599 945 1648 nomen
995 1580 1064 1649 in
1115 1581 1376 1675 publico
1427 1582 1822 1654 documento
1872 1604 2016 1653 esse
2066 1586 2404 1676 receptum
2455 1603 2668 1676 neque
2721 1581 2815 1651 ul-

702 1737 835 1808 lam
884 1744 1115 1833 poetae
1165 1742 1486 1813 rationem
1537 1766 1681 1814 esse
1725 1742 2036 1814 habitam.
2141 1741 2587 1835 Quaecunque
2636 1740 2812 1812 enim

703 1896 1100 1993 perficienda
1133 1907 1343 1990 erant,
1383 1904 1542 1975 dum
1586 1903 1807 1975 fabula
1848 1906 1916 1975 in
1960 1927 2225 1976 scenam
2267 1901 2810 1986 committeretur,

703 2081 833 2130 non
882 2066 1097 2155 poeta,
1151 2063 1265 2133 sed
1309 2063 1681 2138 didascalus
1734 2064 2025 2136 curabat.

798 2218 893 2290 Ex
967 2223 1273 2295 omnibus
1340 2222 1522 2296 hisce
1583 2224 1841 2297 efficere
1900 2224 2079 2313 licet,
2134 2225 2349 2295 solum
2400 2220 2805 2291 didascalum

701 2402 855 2452 cum
930 2384 1427 2477 magistratibus
1494 2385 1785 2479 egisse3-
1828 2386 2039 2473 hunc,
2108 2407 2238 2456 non
2306 2387 2566 2479 poetam
2636 2380 2810 2478 apud

699 2538 1080 2614 archontem
1146 2566 1384 2616 nomen
1453 2544 1822 2641 professum
1866 2567 2011 2616 esse
2062 2544 2465 2638 chorumque
2517 2543 2801 2637 petiisse.

795 2699 864 2771 Si
940 2709 1274 2798 praeterea
1340 2727 1505 2800 opus
1572 2712 1674 2776 est
1753 2705 2160 2801 argumentis
2229 2704 2309 2774 ad
2359 2702 2531 2774 hanc
2590 2725 2807 2773 meam

697 2859 779 2929 de
821 2859 1133 2934 didascali
1170 2865 1239 2934 in
1277 2865 1540 2937 scenica
1581 2866 2043 2938 commissione
2080 2863 2374 2962 partibus
2409 2864 2803 2935 sententiam

695 3022 909 3117 magis
976 3025 1174 3097 etiam
1243 3025 1792 3114 confirmandam,
1862 3028 2102 3098 summi
2170 3026 2291 3098 viri
2343 3046 2600 3118 quoque
2654 3047 2804 3096 auc-

693 3183 956 3256 toritate
1023 3179 1306 3274 nititur,⁴
1342 3188 1692 3259 clarissimi
1747 3187 1814 3258 C.
1873 3186 1945 3257 Ο.
2003 3186 2324 3271 Muelleri,
2376 3187 2487 3280 qui
2541 3185 2803 3256 disertis

691 3342 921 3414 eadem
983 3346 1172 3418 docet
1246 3347 1482 3434 verhiS,
1558 3372 1727 3442 quae
1803 3349 1928 3419 hoc
2001 3346 2144 3417 loco
2219 3346 2502 3417 inserere
2577 3345 2795 3416 lubet:

696 3502 988 3577 nlmmer
1044 3509 1183 3602 galt
1250 3509 1366 3579 das
1433 3507 1734 3579 Einiiben
1789 3508 1902 3579 des
1956 3505 2199 3578 Stiicks
2252 3507 2349 3578 als
2398 3506 2503 3575 die
2556 3504 2798 3599 Haupt·

692 3664 921 3754 sache,
1000 3668 1096 3738 als
1156 3669 1270 3738 der
1319 3668 1695 3740 offentliche
1743 3668 1874 3739 und
1925 3667 2224 3739 officielle
2277 3666 2463 3736 Theil
2516 3665 2631 3735 des
2680 3662 2799 3735 Ge-

688 3826 971 3899 scha'fts:
1043 3852 1177 3900 wer
1236 3830 1341 3899 ein
1404 3829 1638 3902 vorher
1688 3829 1874 3901 nicht
1926 3826 2378 3921 aufgefuhrtes
2430 3822 2637 3896 Stiick
2691 3827 2797 3897 da·

689 3985 894 4059 durch
975 3990 1097 4061 auf
1159 3990 1264 4059 die
1331 3990 1562 4061 Biihne
1612 3989 1905 4076 brachte,
1957 3989 2194 4058 bekam
2246 3988 2352 4057 die
2403 3987 2592 4058 dafur
2643 4009 2792 4059 vom

687 4141 910 4217 Staate
987 4154 1444 4242 ausgesetzten
1522 4146 2020 4238 Belohnungen‚
2094 4144 2248 4231 und,
2318 4170 2508 4217 wenn
2579 4168 2649 4215 er
2700 4147 2789 4215 im

682 4302 1097 4377 Wettstreite
1166 4307 1397 4400 siegte,
1468 4308 1590 4376 den
1663 4304 1863 4389 Preis3
1930 4326 2062 4375 wer
2113 4303 2228 4375 das
2282 4301 2487 4375 Stiick
2541 4305 2789 4395 cigent-
