3414 5176
1759 553 1847 622 16

843 778 1244 886 Boeckhius·
1285 776 1328 847 l.
1374 777 1417 847 l.
1488 777 1849 863 contendit,
1910 775 2208 872 singulos
2273 775 2591 873 choragos
2650 782 2850 853 etiarn

742 939 915 1014 binis
972 939 1190 1037 phylis
1246 940 1490 1012 servire
1556 939 1852 1036 potuisse
1874 992 1890 1024 ‚
1957 937 2342 1032 praesertim
2409 938 2519 1011 uhi
2580 940 2849 1036 choragi

744 1101 1121 1188 deficerent,
1174 1100 1255 1171 ad
1313 1124 1519 1205 quam·
1563 1099 1959 1172 sententiam
2010 1096 2410 1193 probandam
2460 1099 2623 1170 citat
2670 1100 2851 1172 Anti-

744 1261 1010 1359 phontis
1061 1261 1105 1332 l.
1127 1261 1217 1355 1.;ι
1239 1260 1355 1332 sed
1405 1261 1717 1348 vidimus,
1768 1259 1894 1331 hoc
1935 1258 2172 1330 saltem
2213 1261 2587 1356 exemplum
2626 1260 2854 1331 imme·

741 1423 868 1494 rito
910 1420 1021 1492 hic
1058 1420 1293 1492 afferri.
1372 1420 1793 1518 Antiphontis
1843 1419 2019 1490 enim
2071 1419 2278 1491 cliens
2329 1419 2584 1493 duabus
2633 1421 2851 1518 phylis

742 1580 1090 1667 serviebat,
1149 1604 1282 1652 non
1341 1581 1495 1676 quia
1561 1578 1832 1675 choragi
1892 1578 2304 1668 deficiebant,
2371 1581 2487 1652 sed
2529 1606 2609 1654 ex
2658 1606 2852 1679 pecu-

743 1743 889 1814 liari
964 1740 1313 1835 choragiae
1378 1742 1448 1811 in
1516 1739 1884 1836 Thargeliis
1959 1742 2230 1813 ratione.
2334 1740 2550 1827 Quam
2627 1752 2849 1817 autem

744 1902 931 1975 affert
970 1901 1464 1997 inscriptionem
1497 1901 1574 1995 ¹):
1624 1907 1911 1992 Ἐρυξίας
1959 1907 2383 1992 Ἐρυξιμάχου
2406 1910 2852 1987 Κυδαθηναιεὺς

735 2071 1025 2154 ἐχορήγει
1059 2067 1395 2136 Πανδιονίδι
1420 2069 1765 2151 Ἐρεχθηΐδι
1797 2069 2106 2148 παίδων”,
2160 2084 2238 2134 ea
2279 2063 2681 2158 contrarium
2723 2088 2854 2137 non

741 2224 991 2321 probat,
1028 2223 1281 2296 nullam
1316 2224 1494 2294 enim
1537 2223 1696 2295 facit
1732 2224 2136 2294 mentionem
2171 2221 2345 2311 festi,
2373 2225 2441 2294 in
2470 2246 2599 2318 quo
2624 2247 2853 2319 puero·

742 2410 893 2459 rum
933 2384 1047 2455 ille
1089 2382 1329 2455 chorus
1372 2383 1719 2478 prodierit:
1766 2385 2085 2478 conjicere
2128 2405 2287 2478 ergo
2328 2383 2486 2454 licet
2510 2385 2852 2489 victoriam

742 2546 812 2617 in
847 2543 1217 2641 Thargeliis
1251 2549 1651 2640 reportatam
1695 2543 1825 2616 hac
1862 2544 2292 2640 inscriptione
2333 2549 2851 2618 commemorari.

744 2706 843 2777 Ad
907 2707 1367 2801 tragoedorum
1433 2707 1537 2778 vel
1580 2684 2066 2779 ‘comoedorum
2126 2709 2191 2777 in
2254 2707 2583 2801 Dionysiis
2634 2706 2856 2780 chora-

746 2868 922 2962 giam
974 2867 1133 2939 talia
1183 2866 1522 2938 transferri
1574 2867 1760 2938 nullo
1812 2867 2006 2939 modo
2055 2873 2331 2964 oportet.

845 3027 982 3101 Sub
1057 3027 1255 3100 finem
1321 3027 1476 3099 belli
1537 3026 2093 3123 Peloponnesiaci,
2162 3032 2509 3123 postquam
2575 3026 2857 3098 Athena-

746 3214 897 3262 rum
964 3187 1317 3261 facultates
1386 3186 1651 3260 Sicilica
1701 3189 2003 3286 inprimis
2054 3187 2465 3283 expeditione
2515 3192 2703 3259 erant
2752 3210 2858 3259 ex-

747 3349 1057 3435 haustae,
1137 3345 1346 3419 Callia
1405 3349 1748 3436 archonte,
1822 3347 2079 3445 Olymp.
2146 3347 2339 3435 XCII,
2397 3350 2460 3419 1.
2521 3373 2602 3419 ex
2662 3348 2860 3443 plebi-

748 3511 915 3581 scito
973 3507 1367 3603 permissum
1417 3516 1542 3597 est,
1595 3515 1671 3581 ut
1719 3509 1853 3580 bini
1907 3509 2174 3602 choragi
2226 3508 2506 3603 singulis
2556 3506 2856 3580 tribubus

748 3666 1127 3762 choragiam
1177 3674 1584 3763 praestarent
1611 3671 1687 3764 ²).

847 3828 1038 3915 Quod
1098 3830 1335 3903 attinet
1402 3830 1484 3901 ad
1558 3860 1584 3889 w
1609 3837 1679 3904 τὸ
1739 3844 2033 3919 χορηγεῖν
2085 3844 2228 3908 ταῖς
2273 3841 2512 3920 Φυλαΐς
2543 3837 2692 3915 ὁμοῦ
2740 3836 2859 3904 παὶ·

822 4138 873 4204 ι)
907 4139 1137 4204 ⁸130301111.
1170 4137 1230 4190 c,
1266 4140 1312 4189 1.
1346 4139 1434 4190 Gr.
1464 4140 1510 4201 1,
1545 4144 1657 4190 216.
1686 4154 1736 4204 p.
1760 4145 1898 4201 345,
1935 4139 2013 4191 cf.
2043 4137 2344 4199 Schneider,
2363 4139 2399 4189 1.
2418 4140 2452 4189 1.
2484 4139 2649 4207 (136).
2671 4155 2720 4204 p.
2745 4143 2855 4189 111.

827 4233 878 4303 1)
929 4239 1049 4289 Vid.
1101 4236 1271 4289 Schol.
1310 4239 1374 4288 ad
1416 4237 1674 4303 Aristoph.
1707 4238 1903 4300 Ranas,
1941 4242 2066 4298 4063
2102 4237 2388 4301 Platonius,
2426 4238 2559 4306 περὶ
2599 4237 2864 4303 διαφορᾶς

757 4333 1060 4404 κωμῳδιῶν.
