3414 5176
1889 436 1983 504 96

1479 662 1649 746 ὑ]πε.
1703 660 2022 744 Κηφίσιος.

1477 864 1798 882 .......
1828 839 1895 890 ης
1943 838 2038 878 τε.
2109 822 2335 896 Ποιητῇ

1482 976 1598 1041 tin-s
1630 1026 1852 1045 .....
1859 977 1982 1062 ]ης.

991 1129 1414 1203 Manifestum
1466 1137 1567 1201 est
1590 1185 1606 1216 ‚
1656 1129 1829 1200 hanc
1880 1127 2372 1223 inscriptionem
2420 1150 2566 1199 esse
2617 1127 2995 1222 catalogum

894 1289 1059 1364 duas
1109 1289 1606 1362 commissiones
1656 1290 2242 1384 complectentem,
2297 1288 2484 1359 annis
2507 1344 2523 1375 ,
2575 1294 2651 1361 ut
2699 1288 2993 1376 videtur,

894 1450 1149 1523 duobus
1199 1450 1508 1545 deinceps
1576 1450 1834 1521 habitas
1873 1450 1966 1546 ¹),
2020 1474 2301 1545 quarum
2353 1471 2650 1544 quaeque
2700 1449 2997 1521 constitit

893 1612 1185 1705 quinque
1235 1610 1446 1705 poetis
1505 1611 1796 1706 (comicis
1820 1667 1835 1697 ‚
1888 1619 1963 1682 ut
2013 1610 2305 1696 videtur,
2358 1632 2565 1702 quum
2617 1609 2822 1680 altera
2871 1617 3002 1681 tra-

898 1771 1079 1866 gicos
1130 1770 1485 1864 contineat)
1556 1795 1634 1841 ex
1694 1771 1939 1862 ordine·
1989 1772 2252 1867 positiS,
2305 1768 2479 1865 quod
2529 1769 2800 1842 vocibus
2851 1800 3002 1858 πρω.

889 1939 1013 2019 Bw,
1060 1964 1179 2023 τρι.
1226 1964 1317 2004 τε.
1367 1963 1525 2017 orsu.
1594 1931 1636 2000 i.
1709 1953 1766 2001 e.
1820 1944 2089 2017 πρῶτος,
2140 1936 2446 2019 δεύτερος,
2495 1914 2731 2018 mlv-⁸04,
2787 1936 3003 2019 τέταρ-

888 2124 993 2174 τος
1014 2152 1034 2180 ,
1085 2100 1371 2180 πέμπτος
1424 2098 1570 2187 post
1621 2114 1850 2163 eorum
1917 2091 2185 2163 nomina
2251 2090 2813 2164 intercedentibus
2836 2147 2853 2179 ,
2902 2092 2998 2162 in-

891 2253 1187 2338 dicatum
1240 2273 1369 2323 non
1438 2274 1592 2323 vero
1652 2251 1934 2322 duorum
1987 2252 2223 2324 horum
2274 2252 2710 2325 certaminum
2762 2251 2997 2324 catalo-

891 2437 1019 2508 gus
1093 2414 1350 2505 integer
1426 2417 1676 2481 exstat:
1756 2411 1942 2482 initio
2022 2420 2172 2484 ante
2248 2435 2477 2486 vocem
2552 2444 2644 2487 τε.
2716 2419 3001 2511 quatuor

891 2574 1151 2671 priores
1188 2570 1671 2644 commissionis
1724 2576 1955 2667 poetae
2007 2572 2354 2669 supplendi
2407 2579 2601 2662 sunt,
2635 2533 2747 2645 'ad
2795 2572 2998 2646 finem

888 2759 1042 2808 vero
1093 2736 1366 2829 quintus
1426 2734 1618 2828 pceta
1686 2734 2022 2826 sequentis
2090 2736 2243 2807 anni
2296 2734 2696 2808 certaminis.
2800 2734 3000 2806 Porro

887 2905 1032 2976 ὑπε-λ
1076 2900 1179 2966 est
1229 2915 1346 2989 pro
1415 2900 1762 2981 ὑπεκρίνετο
1825 2899 2060 2988 atque,
2130 2902 2206 2966 ut
2257 2897 2611 2968 verisimile
2662 2901 2764 2967 est
2787 2951 2803 2982 ,
2854 2917 2997 2989 pro-

891 3055 1290 3151 tagonistam
1346 3052 1694 3164 significat.

962 3353 1010 3419 Ι)
1047 3353 1146 3405 Cff.
1187 3370 1317 3420 qnae
1359 3356 1455 3405 hac
1499 3356 1562 3406 de
1607 3371 1663 3406 re
1706 3357 1852 3407 affert
1893 3357 2125 3419 Richter,
2171 3360 2206 3409 1.
2237 3360 2300 3409 l.:
2341 3358 2517 3410 nCerte
2548 3365 2723 3423 poetae
2769 3357 2994 3423 ejusdem

883 3452 1248 3504 commissionis
1296 3453 1543 3504 nominati
1586 3460 1702 3504 sunt
1714 3476 1728 3513 ς
1765 3455 1854 3504 sed
1885 3457 2020 3520 quod
2047 3456 2334 3507 Boeckhius
2366 3457 2668 3520 praemittit:
2729 3456 2985 3521 »Utraque

883 3550 1117 3601 columna
1167 3553 1232 3602 ad
1275 3553 1450 3602 eadem
1493 3552 1630 3603 haud
1670 3552 1822 3603 dubie
1866 3553 2131 3604 sollemnia
2172 3553 2448 3618 pertinet”:
2496 3554 2551 3604 id
2597 3568 2699 3603 non
2744 3554 2807 3603 de
2837 3554 2987 3604 unius

884 3647 1006 3715 anni
1047 3649 1355 3700 solemnibus
1397 3649 1545 3700 debet
1580 3650 1823 3714 intelligi,
1868 3666 2026 3716 quum
2071 3651 2327 3703 archontis
2379 3666 2565 3703 nomen
2612 3652 2666 3701 in
2712 3651 2881 3702 media.
2923 3652 2989 3701 sit

881 3744 1201 3806 inscriptione
1244 3753 1294 3796 et
1338 3746 1467 3796 duae
1509 3747 1673 3810 potius
1717 3747 2094 3799 commissiones
2137 3764 2240 3800 uno
2272 3748 2369 3798 hoc
2403 3749 2631 3812 catalogo
2665 3748 2986 3812 comprehen-

883 3840 1079 3888 dantur.
1144 3842 1322 3906 Itaque
1351 3844 1455 3907 ipse
1487 3843 1565 3892 vir
1604 3858 1829 3894 summus
1863 3845 2025 3894 voluit
2057 3844 2291 3908 intelligi.
2348 3843 2486 3893 eeCol.
2525 3847 2552 3894 1
2598 3845 2723 3895 duos
2750 3846 2989 3909 complec-

880 3936 1001 3985 titur
1033 3952 1220 3998 annos,
1258 3940 1502 3989 secundus
1535 3940 1713 4004 incipit
1745 3956 1777 3990 a
1807 3957 1881 3991 vs.
1918 3947 1947 3990 6
1964 3981 1978 4002 ,
2013 3942 2101 3992 ubi
2126 3943 2314 3991 archon
2345 3942 2596 3992 Diotimus
2627 3941 2712 3994 01.
2750 3946 2840 3992 106
2856 3980 2871 4001 ‚
2901 3940 2986 3992 s.'’

883 4032 985 4094 Qui
1017 4050 1173 4100 quum
1206 4037 1456 4097 statuerit,
1490 4038 1668 4088 eadem
1701 4038 1967 4088 sollemnia
1998 4039 2179 4097 fuisse,
2216 4053 2490 4104 eorumque
2521 4054 2703 4089 nomen
2719 4078 2732 4099 ,
2766 4039 2906 4102 cujus
2934 4040 2986 4087 in
3092 4072 3111 4080 -

881 4132 1027 4182 titulo
1061 4133 1200 4182 nulla
1227 4134 1418 4185 mentio
1445 4134 1575 4186 facta
1608 4143 1683 4185 est
1699 4175 1712 4196 ‚
1750 4151 1897 4199 supra
1925 4135 2162 4198 scriptum
2194 4135 2367 4195 fuisse,
2406 4151 2556 4186 nemo
2585 4135 2729 4185 facile
2756 4136 2985 4192 habebit,

847 4249 853 4254 ·
886 4230 1018 4291 quod
1051 4232 1409 4281 contradicat.''
