3414 5176
1598 607 1687 675 69

603 841 791 930 pcrto
837 834 882 927 ¹)
941 833 1280 918 existimo,
1340 833 1398 902 si
1448 832 1660 902 omnis
1713 853 1949 904 scenae
1998 838 2268 905 ornatus
2318 830 2478 904 adeo
2532 832 2692 904 varii

610 995 939 1067 variarum
1004 992 1409 1079 fabularum,
1471 1014 1640 1086 quae
1697 991 2025 1089 Dionysiis
2074 993 2142 1064 in
2191 1014 2458 1107 scenam
2507 992 2694 1064 indu·

607 1160 956 1242 cerentur,
1001 1159 1310 1250 sumptus
1351 1153 1567 1224 facere
1608 1150 1985 1241 debuisset,
2026 1134 2179 1226 eum
2230 1151 2696 1249 redemptionis

611 1316 820 1411 pretio
870 1314 1184 1388 solvendo
1231 1314 1549 1409 imparem
1599 1311 1805 1385 fuisse
1853 1313 2172 1386 futurum.

712 1474 977 1549 Civitati
1020 1475 1224 1571 igitur
1287 1496 1517 1547 omnes
1567 1472 1744 1561 ludi,
1802 1479 2260 1569 praeterquam
2312 1472 2658 1546 chororum
2683 1528 2699 1560 ,

615 1642 930 1733 sumptus
990 1634 1391 1731 suscipiendi
1451 1633 1772 1723 fuissent,
1812 1633 1984 1730 quod
2034 1633 2482 1731 compluribus
2531 1639 2705 1707 vete·

610 1818 759 1868 rum
802 1795 963 1868 locis
1011 1794 1267 1892 probari
1304 1793 1678 1868 Boeckhius
1717 1795 2076 1868 contendit.
2140 1794 2272 1866 Hos
2320 1818 2475 1895 vero
2524 1796 2701 1868 locos

612 1957 849 2043 citare,
909 1978 1148 2052 operae
1206 1956 1493 2052 pretium
1552 1976 1683 2025 non
1733 1954 2001 2027 duxisse
2048 1953 2331 2029 videtur.
2430 1953 2711 2027 Difficile

620 2120 847 2187 autem
897 2114 1277 2209 conjectura
1326 2114 1585 2207 assequi
1636 2137 1801 2209 quos
1849 2115 1918 2186 in
1961 2121 2184 2186 mente
2227 2114 2547 2186 habuerit.

717 2275 1021 2346 Fortasse
1070 2295 1150 2345 eo
1200 2272 1529 2368 pertinere
1578 2276 1637 2345 ei
1690 2274 1996 2346 videntur
2035 2274 2131 2345 illi
2173 2281 2506 2349 oratorum
2549 2277 2706 2365 loci,

625 2433 735 2505 ubi
795 2433 876 2505 de
949 2432 1329 2529 ingentibus
1395 2440 1765 2528 queruntur
1844 2434 2218 2531 sumptibus
2291 2436 2359 2507 in
2434 2436 2707 2510 deorum

618 2595 784 2667 festa
858 2595 1211 2691 impensiS‚
1277 2595 1464 2690 quasi
1556 2594 1637 2667 de
1728 2616 1882 2668 vera
1971 2596 2350 2669 calamitate
2397 2596 2476 2691 ²).
2578 2596 2709 2682 Qui

618 2761 840 2827 tamen
916 2755 1041 2827 loci
1116 2755 1221 2842 id,
1297 2755 1470 2849 quod
1537 2752 1908 2852 Boeckhius
1975 2753 2154 2845 vult,
2230 2755 2503 2853 probare
2576 2779 2708 2830 non

615 2920 922 3011 possunt,
983 2916 1196 3013 ipsam
1247 2915 1721 3012 rempublicam
1773 2938 1854 2986 ex
1912 2917 2162 2989 aerario
2221 2915 2342 2989 hos
2401 2923 2709 3012 sumptus

618 3078 1058 3173 praestitisse;
1121 3077 1177 3147 si
1244 3078 1453 3163 enim,
1501 3077 1690 3170 *quod
1767 3073 1928 3145 mihi
2012 3076 2248 3146 saltem
2312 3076 2448 3147 veri
2501 3076 2719 3148 multo

620 3235 901 3309 similius
965 3234 1257 3322 videtur,
1316 3234 1736 3328 liturgiarum
1812 3234 2091 3309 abusum
2140 3240 2478 3331 spectant,
2530 3234 2713 3310 hisce

619 3395 905 3492 querelis
952 3393 1381 3466 nihilominus
1431 3394 1615 3466 locus
1666 3400 1827 3466 erat.

718 3557 862 3629 Nec
928 3554 1089 3628 mihi
1152 3562 1374 3628 tamen
1440 3556 1771 3652 probabile
1838 3556 2097 3628 videtur
2137 3556 2458 3653 chorago,
2511 3556 2710 3629 nullis

620 3741 698 3788 ex
747 3719 996 3791 aerario
1046 3718 1356 3790 subsidiis
1408 3717 1735 3813 acceptis,
1787 3718 2006 3788 omnia
2049 3720 2437 3813 praestanda
2473 3718 2708 3803 fuisse,

707 4077 758 4142 l)
796 4079 917 4129 Via.
956 4080 1198 4147 Geppert,
1240 4084 1330 4134 1.1.
1364 4100 1413 4150 p.
1444 4089 1566 4145 205,
1597 4090 1646 4135 5.
1697 4086 1779 4135 De
1811 4086 2080 4136 architecto
2107 4099 2147 4135 s·
2179 4082 2473 4151 θεατρόνῃ
2515 4099 2555 4134 s.
2588 4086 2718 4134 θρα·

633 4173 888 4242 τροπῶλῃ
916 4174 979 4226 cf.
1010 4176 1309 4241 Schneider,
1327 4181 1362 4232 l.
1382 4182 1417 4231 1.
1445 4197 1496 4246 p.
1516 4186 1640 4241 248,
1660 4181 1826 4244 (196),
1853 4196 2069 4244 quocum
2102 4197 2195 4245 ego
2229 4179 2376 4246 puto,
2410 4195 2587 4234 scenae
2619 4199 2718 4234 ma-

622 4273 889 4322 chinarum
922 4278 1068 4337 atque
1100 4282 1301 4325 ornatus
1335 4284 1557 4341 sumptus
1593 4277 1840 4326 aerarium
1875 4276 2062 4327 fecisse.

673 4370 753 4437 '2)
773 4368 868 4422 Cff.
889 4369 1144 4430 Schneid„
1175 4371 1207 4419 l.
1228 4371 1261 4421 1.
1283 4378 1431 4434 p.122
1454 4372 1617 4439 (148),
1637 4387 1791 4437 eaque
1808 4389 1933 4438 quae
1951 4389 2097 4438 supra
2116 4373 2187 4440 (p.
2200 4380 2280 4438 32,
2293 4378 2423 4443 sqq.)
2443 4378 2714 4428 attulimus,
