<?xml version="1.0" encoding="UTF-8"?>
<!DOCTYPE html PUBLIC "-//W3C//DTD XHTML 1.0 Transitional//EN"
    "http://www.w3.org/TR/xhtml1/DTD/xhtml1-transitional.dtd">
<html xmlns="http://www.w3.org/1999/xhtml" xml:lang="en" lang="en">
 <head>
  <title>
</title>
<meta http-equiv="Content-Type" content="text/html;charset=utf-8" />
  <meta name='ocr-system' content='tesseract 3.04.00' />
  <meta name='ocr-capabilities' content='ocr_page ocr_carea ocr_par ocr_line ocrx_word'/>
</head>
<body>
  <div class='ocr_page' id='page_1' title='image "./quaestionesscen00brilgoog_0083.png"; bbox 0 0 3414 5176; ppageno 0'>
   <div class='ocr_carea' id='block_1_1' title="bbox 1622 582 1700 651">
    <p class='ocr_par' dir='ltr' id='par_1_1' title="bbox 1622 582 1700 651">
     <span class='ocr_line' id='line_1_1' title="bbox 1622 582 1700 651; baseline 0.026 -2"><span class='ocrx_word' id='word_1_1' title='bbox 1622 582 1700 651; x_wconf 84' lang='lat'>71</span> 
     </span>
    </p>
   </div>
   <div class='ocr_carea' id='block_1_2' title="bbox 606 812 2711 3789">
    <p class='ocr_par' dir='ltr' id='par_1_2' title="bbox 889 812 2195 897">
     <span class='ocr_line' id='line_1_2' title="bbox 889 812 2195 897; baseline -0.002 -13"><span class='ocrx_word' id='word_1_2' title='bbox 889 813 1213 889; x_wconf 69' lang='grc' dir='ltr'><em>ὧλαιέτους</em></span> <span class='ocrx_word' id='word_1_3' title='bbox 1262 813 1365 879; x_wconf 71' lang='grc' dir='ltr'>καὶ</span> <span class='ocrx_word' id='word_1_4' title='bbox 1416 817 1664 893; x_wconf 53' lang='lat' dir='ltr'>staram</span> <span class='ocrx_word' id='word_1_5' title='bbox 1709 814 1831 896; x_wconf 83' lang='grc' dir='ltr'>οὐχ</span> <span class='ocrx_word' id='word_1_6' title='bbox 1879 814 2056 897; x_wconf 78' lang='grc' dir='ltr'><strong><em>ὁρᾷς,</em></strong></span> <span class='ocrx_word' id='word_1_7' title='bbox 2105 812 2195 881; x_wconf 77' lang='grc' dir='ltr'>ὅτι</span> 
     </span>
    </p>

    <p class='ocr_par' dir='ltr' id='par_1_3' title="bbox 610 968 2709 1384">
     <span class='ocr_line' id='line_1_3' title="bbox 887 968 2413 1056; baseline -0.001 -14"><span class='ocrx_word' id='word_1_8' title='bbox 887 976 1104 1049; x_wconf 72' lang='grc' dir='ltr'>ἴκτινος</span> <span class='ocrx_word' id='word_1_9' title='bbox 1152 968 1239 1047; x_wconf 78' lang='grc' dir='ltr'>εἷς</span> <span class='ocrx_word' id='word_1_10' title='bbox 1287 970 1365 1038; x_wconf 74' lang='grc' dir='ltr'>ἂν</span> <span class='ocrx_word' id='word_1_11' title='bbox 1407 970 1593 1038; x_wconf 73' lang='grc' dir='ltr'>τοῦτό</span> <span class='ocrx_word' id='word_1_12' title='bbox 1635 975 1701 1052; x_wconf 71' lang='grc' dir='ltr'>γ’</span> <span class='ocrx_word' id='word_1_13' title='bbox 1749 970 1978 1056; x_wconf 66' lang='grc' dir='ltr'>οἴχοιθ’</span> <span class='ocrx_word' id='word_1_14' title='bbox 2024 972 2318 1056; x_wconf 66' lang='grc' dir='ltr'>ἁρπάσας</span> <span class='ocrx_word' id='word_1_15' title='bbox 2338 974 2413 1055; x_wconf 83' lang='grc'>;”</span> 
     </span>
     <span class='ocr_line' id='line_1_4' title="bbox 619 1125 2709 1213; baseline -0.002 -6"><span class='ocrx_word' id='word_1_16' title='bbox 619 1132 731 1207; x_wconf 86' lang='lat' dir='ltr'>ubi</span> <span class='ocrx_word' id='word_1_17' title='bbox 797 1128 1152 1203; x_wconf 81' lang='lat' dir='ltr'>scholiasta</span> <span class='ocrx_word' id='word_1_18' title='bbox 1208 1125 1375 1199; x_wconf 79' lang='lat' dir='ltr'>haec</span> <span class='ocrx_word' id='word_1_19' title='bbox 1423 1131 1733 1198; x_wconf 76' lang='lat' dir='ltr'>annotat:</span> <span class='ocrx_word' id='word_1_20' title='bbox 1804 1136 2038 1200; x_wconf 73' lang='grc' dir='ltr'><em>»τοῦτο</em></span> <span class='ocrx_word' id='word_1_21' title='bbox 2094 1132 2183 1207; x_wconf 78' lang='grc' dir='ltr'>εἷς</span> <span class='ocrx_word' id='word_1_22' title='bbox 2251 1133 2548 1213; x_wconf 65' lang='grc' dir='ltr'>διαβολὴν</span> <span class='ocrx_word' id='word_1_23' title='bbox 2602 1141 2709 1203; x_wconf 74' lang='grc' dir='ltr'>τοῦ</span> 
     </span>
     <span class='ocr_line' id='line_1_5' title="bbox 610 1287 1895 1384; baseline -0.009 -18"><span class='ocrx_word' id='word_1_24' title='bbox 610 1300 918 1384; x_wconf 76' lang='grc' dir='ltr'><em>χορηγοῦ,</em></span> <span class='ocrx_word' id='word_1_25' title='bbox 963 1289 1055 1369; x_wconf 75' lang='grc' dir='ltr'>ὅτι</span> <span class='ocrx_word' id='word_1_26' title='bbox 1102 1291 1310 1373; x_wconf 76' lang='grc' dir='ltr'><strong><em>μικρὸν</em></strong></span> <span class='ocrx_word' id='word_1_27' title='bbox 1355 1287 1571 1358; x_wconf 77' lang='grc' dir='ltr'><em>ἔδωκεν</em></span> <span class='ocrx_word' id='word_1_28' title='bbox 1611 1289 1895 1372; x_wconf 75' lang='grc' dir='ltr'><strong><em>ἱερεῖον.”</em></strong></span> 
     </span>
    </p>

    <p class='ocr_par' dir='ltr' id='par_1_4' title="bbox 606 1442 2711 2985">
     <span class='ocr_line' id='line_1_6' title="bbox 714 1442 2708 1545; baseline -0.002 -23"><span class='ocrx_word' id='word_1_29' title='bbox 714 1447 1079 1545; x_wconf 84' lang='lat' dir='ltr'><strong>Aliquando</strong></span> <span class='ocrx_word' id='word_1_30' title='bbox 1163 1443 1489 1538; x_wconf 88' lang='lat' dir='ltr'>choragus</span> <span class='ocrx_word' id='word_1_31' title='bbox 1574 1442 1970 1518; x_wconf 78' lang='lat' dir='ltr'>histrionum</span> <span class='ocrx_word' id='word_1_32' title='bbox 2058 1467 2320 1542; x_wconf 86' lang='lat' dir='ltr'>quoque</span> <span class='ocrx_word' id='word_1_33' title='bbox 2392 1448 2708 1521; x_wconf 84' lang='lat' dir='ltr'>vestitum</span> 
     </span>
     <span class='ocr_line' id='line_1_7' title="bbox 613 1603 2707 1703; baseline -0.002 -18"><span class='ocrx_word' id='word_1_34' title='bbox 613 1631 885 1685; x_wconf 76' lang='lat' dir='ltr'><strong>curasse</strong></span> <span class='ocrx_word' id='word_1_35' title='bbox 933 1606 1193 1680; x_wconf 84' lang='lat' dir='ltr'>videtur</span> <span class='ocrx_word' id='word_1_36' title='bbox 1212 1656 1232 1693; x_wconf 89' lang='lat'>‚</span> <span class='ocrx_word' id='word_1_37' title='bbox 1283 1603 1474 1700; x_wconf 87' lang='lat' dir='ltr'>cujus</span> <span class='ocrx_word' id='word_1_38' title='bbox 1521 1605 1616 1677; x_wconf 89' lang='lat' dir='ltr'>rei</span> <span class='ocrx_word' id='word_1_39' title='bbox 1666 1606 1737 1677; x_wconf 87' lang='lat' dir='ltr'>in</span> <span class='ocrx_word' id='word_1_40' title='bbox 1785 1605 2142 1679; x_wconf 82' lang='lat' dir='ltr'>comoediis</span> <span class='ocrx_word' id='word_1_41' title='bbox 2177 1606 2433 1696; x_wconf 83' lang='lat' dir='ltr'>Plauti,</span> <span class='ocrx_word' id='word_1_42' title='bbox 2474 1630 2707 1703; x_wconf 86' lang='lat' dir='ltr'>quem,</span> 
     </span>
     <span class='ocr_line' id='line_1_8' title="bbox 607 1764 2709 1863; baseline -0.001 -20"><span class='ocrx_word' id='word_1_43' title='bbox 607 1770 859 1844; x_wconf 87' lang='lat' dir='ltr'>Graeca</span> <span class='ocrx_word' id='word_1_44' title='bbox 920 1766 1221 1863; x_wconf 84' lang='lat' dir='ltr'>exempla</span> <span class='ocrx_word' id='word_1_45' title='bbox 1280 1764 1618 1838; x_wconf 80' lang='lat' dir='ltr'>imitatum</span> <span class='ocrx_word' id='word_1_46' title='bbox 1642 1821 1658 1853; x_wconf 87' lang='lat'>,</span> <span class='ocrx_word' id='word_1_47' title='bbox 1751 1765 2035 1841; x_wconf 84' lang='lat' dir='ltr'>Graecos</span> <span class='ocrx_word' id='word_1_48' title='bbox 2099 1790 2318 1840; x_wconf 87' lang='lat' dir='ltr'>mores</span> <span class='ocrx_word' id='word_1_49' title='bbox 2382 1768 2452 1841; x_wconf 89' lang='lat' dir='ltr'>in</span> <span class='ocrx_word' id='word_1_50' title='bbox 2510 1792 2709 1842; x_wconf 85' lang='lat' dir='ltr'>scena</span> 
     </span>
     <span class='ocr_line' id='line_1_9' title="bbox 613 1922 2709 2024; baseline -0.001 -20"><span class='ocrx_word' id='word_1_51' title='bbox 613 1932 910 2004; x_wconf 87' lang='lat' dir='ltr'>Romana</span> <span class='ocrx_word' id='word_1_52' title='bbox 975 1925 1374 2024; x_wconf 77' lang='lat' dir='ltr'>expressisse</span> <span class='ocrx_word' id='word_1_53' title='bbox 1396 1980 1413 2014; x_wconf 91' lang='lat'>,</span> <span class='ocrx_word' id='word_1_54' title='bbox 1479 1925 1787 1998; x_wconf 88' lang='lat' dir='ltr'>omnihus</span> <span class='ocrx_word' id='word_1_55' title='bbox 1834 1933 2071 1999; x_wconf 84' lang='lat' dir='ltr'>notum</span> <span class='ocrx_word' id='word_1_56' title='bbox 2120 1933 2255 2016; x_wconf 83' lang='lat' dir='ltr'>est,</span> <span class='ocrx_word' id='word_1_57' title='bbox 2307 1922 2709 2001; x_wconf 81' lang='lat' dir='ltr'>mentionem</span> 
     </span>
     <span class='ocr_line' id='line_1_10' title="bbox 614 2085 2707 2186; baseline -0.002 -23"><span class='ocrx_word' id='word_1_58' title='bbox 614 2090 878 2186; x_wconf 86' lang='lat' dir='ltr'>saepius</span> <span class='ocrx_word' id='word_1_59' title='bbox 926 2087 1171 2158; x_wconf 80' lang='lat' dir='ltr'>factam</span> <span class='ocrx_word' id='word_1_60' title='bbox 1220 2085 1623 2181; x_wconf 89' lang='lat' dir='ltr'>reperimus,</span> <span class='ocrx_word' id='word_1_61' title='bbox 1674 2108 1733 2156; x_wconf 93' lang='lat' dir='ltr'>e.</span> <span class='ocrx_word' id='word_1_62' title='bbox 1779 2110 1845 2181; x_wconf 82' lang='lat' dir='ltr'>g.</span> <span class='ocrx_word' id='word_1_63' title='bbox 1899 2087 1966 2159; x_wconf 91' lang='lat' dir='ltr'>in</span> <span class='ocrx_word' id='word_1_64' title='bbox 2019 2087 2408 2160; x_wconf 84' lang='lat' dir='ltr'>Trinummo</span> <span class='ocrx_word' id='word_1_65' title='bbox 2455 2088 2578 2176; x_wconf 87' lang='lat' dir='ltr'>IV,</span> <span class='ocrx_word' id='word_1_66' title='bbox 2630 2087 2707 2177; x_wconf 75' lang='lat'>2,</span> 
     </span>
     <span class='ocr_line' id='line_1_11' title="bbox 615 2245 2711 2347; baseline 0.001 -26"><span class='ocrx_word' id='word_1_67' title='bbox 615 2250 745 2321; x_wconf 75' lang='lat'>16:</span> <span class='ocrx_word' id='word_1_68' title='bbox 806 2247 995 2344; x_wconf 79' lang='lat' dir='ltr'>nlpse</span> <span class='ocrx_word' id='word_1_69' title='bbox 1033 2251 1421 2317; x_wconf 79' lang='lat' dir='ltr'>ornamenta</span> <span class='ocrx_word' id='word_1_70' title='bbox 1463 2268 1502 2316; x_wconf 92' lang='lat' dir='ltr'>a</span> <span class='ocrx_word' id='word_1_71' title='bbox 1543 2245 1828 2341; x_wconf 79' lang='lat' dir='ltr'>chorago</span> <span class='ocrx_word' id='word_1_72' title='bbox 1876 2245 2042 2320; x_wconf 89' lang='lat' dir='ltr'>haec</span> <span class='ocrx_word' id='word_1_73' title='bbox 2088 2249 2374 2345; x_wconf 81' lang='lat' dir='ltr'>sumpsit</span> <span class='ocrx_word' id='word_1_74' title='bbox 2430 2273 2555 2322; x_wconf 87' lang='lat' dir='ltr'>suo</span> <span class='ocrx_word' id='word_1_75' title='bbox 2604 2273 2711 2347; x_wconf 88' lang='lat' dir='ltr'>pe-</span> 
     </span>
     <span class='ocr_line' id='line_1_12' title="bbox 617 2402 2708 2493; baseline 0 -11"><span class='ocrx_word' id='word_1_76' title='bbox 617 2408 893 2482; x_wconf 88' lang='lat' dir='ltr'>riculo.&#39;&#39;</span> <span class='ocrx_word' id='word_1_77' title='bbox 998 2405 1172 2476; x_wconf 89' lang='lat' dir='ltr'>Pers.</span> <span class='ocrx_word' id='word_1_78' title='bbox 1239 2403 1302 2493; x_wconf 89' lang='grc' dir='ltr'>Ι,</span> <span class='ocrx_word' id='word_1_79' title='bbox 1365 2402 1449 2492; x_wconf 88' lang='lat'>3,</span> <span class='ocrx_word' id='word_1_80' title='bbox 1523 2404 1649 2477; x_wconf 85' lang='lat'>79:</span> <span class='ocrx_word' id='word_1_81' title='bbox 1740 2411 1988 2483; x_wconf 69' lang='grc' dir='ltr'><strong><em>»Πόθεν</em></strong></span> <span class='ocrx_word' id='word_1_82' title='bbox 2056 2411 2485 2482; x_wconf 78' lang='lat' dir='ltr'>ornamenta?</span> <span class='ocrx_word' id='word_1_83' title='bbox 2575 2411 2708 2482; x_wconf 83' lang='lat' dir='ltr'>Abs</span> 
     </span>
     <span class='ocr_line' id='line_1_13' title="bbox 613 2565 2708 2668; baseline 0 -26"><span class='ocrx_word' id='word_1_84' title='bbox 613 2569 898 2665; x_wconf 78' lang='lat' dir='ltr'>chorago</span> <span class='ocrx_word' id='word_1_85' title='bbox 962 2565 1227 2639; x_wconf 83' lang='lat' dir='ltr'>sumito.</span> <span class='ocrx_word' id='word_1_86' title='bbox 1330 2565 1500 2639; x_wconf 84' lang='lat' dir='ltr'>Dare</span> <span class='ocrx_word' id='word_1_87' title='bbox 1567 2565 1808 2640; x_wconf 83' lang='lat' dir='ltr'>dehet&#39;’</span> <span class='ocrx_word' id='word_1_88' title='bbox 1876 2574 2005 2643; x_wconf 77' lang='lat' dir='ltr'>etc.</span> <span class='ocrx_word' id='word_1_89' title='bbox 2110 2569 2304 2643; x_wconf 84' lang='lat' dir='ltr'>Multi</span> <span class='ocrx_word' id='word_1_90' title='bbox 2370 2577 2708 2668; x_wconf 78' lang='lat' dir='ltr'>praeterea</span> 
     </span>
     <span class='ocr_line' id='line_1_14' title="bbox 613 2727 2708 2827; baseline 0.002 -25"><span class='ocrx_word' id='word_1_91' title='bbox 613 2730 761 2803; x_wconf 88' lang='lat' dir='ltr'>addi</span> <span class='ocrx_word' id='word_1_92' title='bbox 826 2734 1103 2825; x_wconf 83' lang='lat' dir='ltr'>possunt</span> <span class='ocrx_word' id='word_1_93' title='bbox 1167 2727 1332 2813; x_wconf 92' lang='lat' dir='ltr'>loci,</span> <span class='ocrx_word' id='word_1_94' title='bbox 1385 2752 1423 2800; x_wconf 94' lang='lat' dir='ltr'>e</span> <span class='ocrx_word' id='word_1_95' title='bbox 1474 2728 1715 2823; x_wconf 88' lang='lat' dir='ltr'>quihus</span> <span class='ocrx_word' id='word_1_96' title='bbox 1762 2736 2072 2827; x_wconf 84' lang='lat' dir='ltr'>apparet,</span> <span class='ocrx_word' id='word_1_97' title='bbox 2126 2753 2352 2804; x_wconf 82' lang='lat' dir='ltr'>vocem</span> <span class='ocrx_word' id='word_1_98' title='bbox 2400 2739 2708 2823; x_wconf 70' lang='grc' dir='ltr'>χορηγίαν</span> 
     </span>
     <span class='ocr_line' id='line_1_15' title="bbox 606 2888 2224 2985; baseline -0.002 -21"><span class='ocrx_word' id='word_1_99' title='bbox 606 2892 814 2964; x_wconf 77' lang='lat' dir='ltr'>totius</span> <span class='ocrx_word' id='word_1_100' title='bbox 863 2888 1123 2961; x_wconf 82' lang='lat' dir='ltr'>fabulae</span> <span class='ocrx_word' id='word_1_101' title='bbox 1170 2889 1676 2960; x_wconf 78' lang='lat' dir='ltr'>instructionem</span> <span class='ocrx_word' id='word_1_102' title='bbox 1729 2888 2102 2983; x_wconf 86' lang='lat' dir='ltr'>significare</span> <span class='ocrx_word' id='word_1_103' title='bbox 2150 2893 2224 2985; x_wconf 87' lang='lat'>¹).</span> 
     </span>
    </p>

    <p class='ocr_par' dir='ltr' id='par_1_5' title="bbox 608 3046 2707 3789">
     <span class='ocr_line' id='line_1_16' title="bbox 704 3046 2707 3142; baseline 0 -20"><span class='ocrx_word' id='word_1_104' title='bbox 704 3052 800 3122; x_wconf 86' lang='lat' dir='ltr'>Ex</span> <span class='ocrx_word' id='word_1_105' title='bbox 867 3050 1085 3122; x_wconf 79' lang='lat' dir='ltr'>allatis</span> <span class='ocrx_word' id='word_1_106' title='bbox 1150 3048 1646 3134; x_wconf 76' lang='lat' dir='ltr'>concludimuS,</span> <span class='ocrx_word' id='word_1_107' title='bbox 1712 3046 2117 3142; x_wconf 81' lang='lat' dir='ltr'>choragum,</span> <span class='ocrx_word' id='word_1_108' title='bbox 2186 3051 2243 3120; x_wconf 87' lang='lat' dir='ltr'>si</span> <span class='ocrx_word' id='word_1_109' title='bbox 2311 3074 2440 3121; x_wconf 88' lang='lat' dir='ltr'>non</span> <span class='ocrx_word' id='word_1_110' title='bbox 2501 3051 2707 3122; x_wconf 78' lang='lat' dir='ltr'>totius</span> 
     </span>
     <span class='ocr_line' id='line_1_17' title="bbox 610 3206 2705 3304; baseline 0.001 -24"><span class='ocrx_word' id='word_1_111' title='bbox 610 3209 750 3282; x_wconf 88' lang='lat' dir='ltr'>ludi</span> <span class='ocrx_word' id='word_1_112' title='bbox 785 3215 1092 3304; x_wconf 78' lang='lat' dir='ltr'>sumptus</span> <span class='ocrx_word' id='word_1_113' title='bbox 1134 3206 1600 3303; x_wconf 62' lang='lat' dir='ltr'>suppeditant,</span> <span class='ocrx_word' id='word_1_114' title='bbox 1637 3228 1771 3277; x_wconf 88' lang='lat' dir='ltr'>non</span> <span class='ocrx_word' id='word_1_115' title='bbox 1807 3213 2039 3280; x_wconf 82' lang='lat' dir='ltr'>tamen</span> <span class='ocrx_word' id='word_1_116' title='bbox 2085 3208 2279 3282; x_wconf 87' lang='lat' dir='ltr'>unice</span> <span class='ocrx_word' id='word_1_117' title='bbox 2312 3208 2492 3283; x_wconf 88' lang='lat' dir='ltr'>chori</span> <span class='ocrx_word' id='word_1_118' title='bbox 2526 3210 2705 3283; x_wconf 86' lang='lat' dir='ltr'>habi-</span> 
     </span>
     <span class='ocr_line' id='line_1_18' title="bbox 610 3370 2702 3468; baseline -0 -26"><span class='ocrx_word' id='word_1_119' title='bbox 610 3378 756 3442; x_wconf 85' lang='lat' dir='ltr'>tum</span> <span class='ocrx_word' id='word_1_120' title='bbox 790 3374 1136 3441; x_wconf 82' lang='lat' dir='ltr'>externum</span> <span class='ocrx_word' id='word_1_121' title='bbox 1181 3389 1331 3438; x_wconf 88' lang='lat' dir='ltr'>aere</span> <span class='ocrx_word' id='word_1_122' title='bbox 1366 3390 1487 3439; x_wconf 90' lang='lat' dir='ltr'>suo</span> <span class='ocrx_word' id='word_1_123' title='bbox 1522 3389 1924 3463; x_wconf 86' lang='lat' dir='ltr'>procurasse.</span> <span class='ocrx_word' id='word_1_124' title='bbox 1988 3370 2160 3443; x_wconf 91' lang='lat' dir='ltr'>Fieri</span> <span class='ocrx_word' id='word_1_125' title='bbox 2187 3394 2424 3468; x_wconf 90' lang='lat' dir='ltr'>nempe</span> <span class='ocrx_word' id='word_1_126' title='bbox 2449 3373 2664 3467; x_wconf 82' lang='lat' dir='ltr'>potuit</span> <span class='ocrx_word' id='word_1_127' title='bbox 2685 3428 2702 3458; x_wconf 84' lang='lat'>‚</span> 
     </span>
     <span class='ocr_line' id='line_1_19' title="bbox 608 3526 2703 3626; baseline -0.001 -23"><span class='ocrx_word' id='word_1_128' title='bbox 608 3538 685 3604; x_wconf 86' lang='lat' dir='ltr'>ut</span> <span class='ocrx_word' id='word_1_129' title='bbox 725 3527 1099 3626; x_wconf 87' lang='lat' dir='ltr'>respublica</span> <span class='ocrx_word' id='word_1_130' title='bbox 1132 3526 1398 3624; x_wconf 89' lang='lat' dir='ltr'>choragi</span> <span class='ocrx_word' id='word_1_131' title='bbox 1436 3533 1746 3624; x_wconf 85' lang='lat' dir='ltr'>sumptus</span> <span class='ocrx_word' id='word_1_132' title='bbox 1787 3527 2165 3601; x_wconf 84' lang='lat' dir='ltr'>sublevarit.</span> <span class='ocrx_word' id='word_1_133' title='bbox 2220 3531 2365 3603; x_wconf 89' lang='lat' dir='ltr'>Non</span> <span class='ocrx_word' id='word_1_134' title='bbox 2409 3530 2600 3603; x_wconf 85' lang='lat' dir='ltr'>aliter</span> <span class='ocrx_word' id='word_1_135' title='bbox 2627 3553 2703 3602; x_wconf 88' lang='lat' dir='ltr'>ac</span> 
     </span>
     <span class='ocr_line' id='line_1_20' title="bbox 609 3685 2702 3789; baseline 0.002 -30"><span class='ocrx_word' id='word_1_136' title='bbox 609 3690 1041 3762; x_wconf 84' lang='lat' dir='ltr'>trierarchum</span> <span class='ocrx_word' id='word_1_137' title='bbox 1067 3691 1137 3761; x_wconf 89' lang='lat' dir='ltr'>in</span> <span class='ocrx_word' id='word_1_138' title='bbox 1164 3712 1332 3762; x_wconf 90' lang='lat' dir='ltr'>nave</span> <span class='ocrx_word' id='word_1_139' title='bbox 1374 3711 1495 3760; x_wconf 86' lang='lat' dir='ltr'>sua</span> <span class='ocrx_word' id='word_1_140' title='bbox 1523 3685 1837 3758; x_wconf 86' lang='lat' dir='ltr'>armanda</span> <span class='ocrx_word' id='word_1_141' title='bbox 1871 3709 1952 3758; x_wconf 85' lang='lat' dir='ltr'>ex</span> <span class='ocrx_word' id='word_1_142' title='bbox 1994 3692 2241 3762; x_wconf 87' lang='lat' dir='ltr'>aerario</span> <span class='ocrx_word' id='word_1_143' title='bbox 2266 3691 2529 3789; x_wconf 84' lang='lat' dir='ltr'>publico</span> <span class='ocrx_word' id='word_1_144' title='bbox 2555 3692 2702 3764; x_wconf 83' lang='lat' dir='ltr'>sub·</span> 
     </span>
    </p>
   </div>
   <div class='ocr_carea' id='block_1_3' title="bbox 609 3848 2701 3949">
    <p class='ocr_par' dir='ltr' id='par_1_6' title="bbox 609 3848 2701 3949">
     <span class='ocr_line' id='line_1_21' title="bbox 609 3848 2701 3949; baseline -0 -29"><span class='ocrx_word' id='word_1_145' title='bbox 609 3848 778 3921; x_wconf 86' lang='lat' dir='ltr'>sidia</span> <span class='ocrx_word' id='word_1_146' title='bbox 826 3853 1154 3949; x_wconf 88' lang='lat' dir='ltr'>accepisse</span> <span class='ocrx_word' id='word_1_147' title='bbox 1203 3857 1500 3936; x_wconf 80' lang='lat' dir='ltr'>constat,</span> <span class='ocrx_word' id='word_1_148' title='bbox 1551 3849 1643 3920; x_wconf 88' lang='lat' dir='ltr'>ita</span> <span class='ocrx_word' id='word_1_149' title='bbox 1679 3848 2005 3945; x_wconf 87' lang='lat' dir='ltr'>choragus</span> <span class='ocrx_word' id='word_1_150' title='bbox 2046 3876 2304 3949; x_wconf 89' lang='lat' dir='ltr'>quoque</span> <span class='ocrx_word' id='word_1_151' title='bbox 2344 3856 2413 3927; x_wconf 92' lang='lat' dir='ltr'>in</span> <span class='ocrx_word' id='word_1_152' title='bbox 2466 3873 2701 3926; x_wconf 88' lang='lat' dir='ltr'>scenae</span> 
     </span>
    </p>
   </div>
   <div class='ocr_carea' id='block_1_4' title="bbox 607 4049 956 4065">
    <p class='ocr_par' dir='ltr' id='par_1_7' title="bbox 607 4049 956 4065">
     <span class='ocr_line' id='line_1_22' title="bbox 607 4049 956 4065; baseline 0 1111"><span class='ocrx_word' id='word_1_153' title='bbox 607 4049 956 4065; x_wconf 95' lang='lat' dir='ltr'> </span> 
     </span>
    </p>
   </div>
   <div class='ocr_carea' id='block_1_5' title="bbox 611 4168 2696 4431">
    <p class='ocr_par' dir='ltr' id='par_1_8' title="bbox 611 4168 2696 4431">
     <span class='ocr_line' id='line_1_23' title="bbox 682 4168 2696 4238; baseline 0.002 -19"><span class='ocrx_word' id='word_1_154' title='bbox 682 4171 735 4238; x_wconf 88' lang='lat' dir='ltr'>l)</span> <span class='ocrx_word' id='word_1_155' title='bbox 769 4169 890 4220; x_wconf 84' lang='lat' dir='ltr'>vid.</span> <span class='ocrx_word' id='word_1_156' title='bbox 924 4168 1177 4223; x_wconf 82' lang='lat' dir='ltr'>Plutarch.</span> <span class='ocrx_word' id='word_1_157' title='bbox 1224 4173 1481 4225; x_wconf 83' lang='lat' dir='ltr'>Demosth.</span> <span class='ocrx_word' id='word_1_158' title='bbox 1528 4189 1572 4223; x_wconf 88' lang='lat' dir='ltr'>c.</span> <span class='ocrx_word' id='word_1_159' title='bbox 1605 4180 1694 4233; x_wconf 77' lang='lat'>293</span> <span class='ocrx_word' id='word_1_160' title='bbox 1742 4174 1946 4223; x_wconf 82' lang='lat' dir='ltr'>Arrian.</span> <span class='ocrx_word' id='word_1_161' title='bbox 1996 4174 2192 4237; x_wconf 84' lang='lat' dir='ltr'>Exped.</span> <span class='ocrx_word' id='word_1_162' title='bbox 2237 4170 2392 4222; x_wconf 68' lang='lat' dir='ltr'>Alex..</span> <span class='ocrx_word' id='word_1_163' title='bbox 2431 4172 2573 4232; x_wconf 89' lang='lat' dir='ltr'>VII,</span> <span class='ocrx_word' id='word_1_164' title='bbox 2612 4178 2696 4232; x_wconf 77' lang='lat'>143</span> 
     </span>
     <span class='ocr_line' id='line_1_24' title="bbox 611 4266 2696 4337; baseline 0.001 -20"><span class='ocrx_word' id='word_1_165' title='bbox 611 4267 866 4317; x_wconf 78' lang='lat' dir='ltr'>Plutarch.</span> <span class='ocrx_word' id='word_1_166' title='bbox 904 4266 1059 4316; x_wconf 82' lang='lat' dir='ltr'>Alex.</span> <span class='ocrx_word' id='word_1_167' title='bbox 1096 4284 1137 4317; x_wconf 86' lang='lat' dir='ltr'>c.</span> <span class='ocrx_word' id='word_1_168' title='bbox 1160 4275 1248 4330; x_wconf 80' lang='lat'>29,</span> <span class='ocrx_word' id='word_1_169' title='bbox 1283 4273 1449 4322; x_wconf 79' lang='lat' dir='ltr'>Plauti</span> <span class='ocrx_word' id='word_1_170' title='bbox 1483 4272 1627 4337; x_wconf 81' lang='lat' dir='ltr'>Capt.</span> <span class='ocrx_word' id='word_1_171' title='bbox 1671 4273 1796 4337; x_wconf 87' lang='lat' dir='ltr'>prol.</span> <span class='ocrx_word' id='word_1_172' title='bbox 1832 4286 1880 4321; x_wconf 72' lang='lat' dir='ltr'>v·</span> <span class='ocrx_word' id='word_1_173' title='bbox 1918 4275 2007 4328; x_wconf 77' lang='lat'>813</span> <span class='ocrx_word' id='word_1_174' title='bbox 2044 4270 2254 4324; x_wconf 66' lang='lat' dir='ltr'>Aristot·</span> <span class='ocrx_word' id='word_1_175' title='bbox 2292 4270 2433 4321; x_wconf 85' lang='lat' dir='ltr'>Poet.</span> <span class='ocrx_word' id='word_1_176' title='bbox 2470 4286 2512 4321; x_wconf 82' lang='lat' dir='ltr'>c,</span> <span class='ocrx_word' id='word_1_177' title='bbox 2536 4270 2696 4328; x_wconf 84' lang='lat' dir='ltr'>XIV,</span> 
     </span>
     <span class='ocr_line' id='line_1_25' title="bbox 611 4362 2174 4431; baseline 0.004 -17"><span class='ocrx_word' id='word_1_178' title='bbox 611 4369 660 4416; x_wconf 76' lang='grc'>3.·</span> <span class='ocrx_word' id='word_1_179' title='bbox 694 4363 772 4417; x_wconf 83' lang='lat' dir='ltr'>Cf.</span> <span class='ocrx_word' id='word_1_180' title='bbox 807 4362 1050 4431; x_wconf 81' lang='lat' dir='ltr'>Geppert‚</span> <span class='ocrx_word' id='word_1_181' title='bbox 1087 4365 1174 4424; x_wconf 80' lang='lat' dir='ltr'>Ll.</span> <span class='ocrx_word' id='word_1_182' title='bbox 1210 4381 1257 4428; x_wconf 89' lang='lat' dir='ltr'>p.</span> <span class='ocrx_word' id='word_1_183' title='bbox 1278 4372 1390 4418; x_wconf 83' lang='lat'><strong>203.</strong></span> <span class='ocrx_word' id='word_1_184' title='bbox 2167 4377 2174 4385; x_wconf 84' lang='lat'>’</span> 
     </span>
    </p>
   </div>
  </div>
 </body>
</html>
