3414 5176
1569 533 1598 602 ‘l
1615 533 1704 603 09

592 760 900 831 missione
949 757 1292 832 tractanda
1361 758 1656 829 fecimus,
1763 757 1832 826 In
1904 758 2045 852 ipsa
2097 759 2271 828 enim
2322 757 2461 831 ludi
2512 782 2693 853 prae-

544 885 548 889 *
592 914 927 1007 paratione
1002 915 1143 985 sine
1211 911 1431 998 dubio,
1500 917 1576 983 ut
1635 910 1775 982 fieri
1836 911 2023 1000 solet,
2083 914 2139 984 is
2214 912 2326 1008 qui
2392 912 2693 1009 princeps

596 1073 822 1140 auctor
862 1074 1001 1139 erat
1049 1069 1201 1140 boni
1251 1066 1343 1138 rei
1396 1071 1695 1152 eventuS,
1747 1066 2101 1139 maximam
2150 1088 2409 1162 quoque
2457 1065 2697 1139 habue-

595 1223 681 1293 rit
723 1222 1203 1309 auctoritatem,
1248 1243 1518 1293 necesse
1570 1225 1705 1305 est,
1759 1221 2019 1292 etiamsi
2060 1220 2322 1316 publice
2364 1244 2692 1294 summam

593 1399 723 1446 non
765 1377 1073 1448 tenuerit.
1120 1374 1461 1461 Quomodo
1497 1374 1674 1446 enim
1711 1397 1816 1444 res
1860 1398 1930 1446 se
1971 1373 2286 1447 habebat?
2332 1354 2694 1472 ChoraguS,

592 1530 692 1601 vir
732 1530 1200 1618 nobilissimus,
1253 1553 1438 1603 sacro
1489 1550 1765 1599 munere
1803 1527 2067 1624 publico
2108 1527 2432 1623 fungens,
2484 1531 2696 1604 tribus

591 1707 750 1756 suae
816 1683 995 1756 chori
1063 1707 1347 1781 praeses,
1401 1684 1457 1755 si
1520 1683 1784 1755 vincere
1835 1680 2058 1768 vellet,
2117 1688 2349 1777 poetae
2399 1683 2697 1779 ingenio,

596 1838 1034 1934 praeceptoris
1075 1839 1310 1934 peritia
1351 1859 1576 1910 carere
1626 1835 1812 1907 nullo
1861 1835 2054 1908 modo
2095 1843 2379 1932 poterat:
2424 1836 2698 1912 chorum

603 1991 868 2087 quidem
934 2015 1132 2087 quam
1198 1989 1638 2088 pulcherrime
1694 2012 1948 2077 ornare,
1997 2015 2197 2085 quam
2246 1991 2702 2065 liberalissime

601 2147 1025 2234 remunerari,
1081 2146 1276 2233 alere,
1320 2144 1647 2231 omnibus,
1689 2166 1968 2239 quorum
2010 2145 2358 2241 indigeret,
2401 2146 2699 2221 sufficere

596 2305 874 2394 poterat,
942 2307 1133 2397 poeta
1189 2299 1369 2371 chori
1437 2298 1963 2393 histrionumque
2013 2301 2329 2395 magister
2377 2303 2702 2376 nihilomi-

599 2477 725 2525 nus
779 2461 1122 2550 exoptatae
1154 2454 1474 2527 .victoriae
1515 2454 1908 2549 praecipuus
1959 2460 2099 2525 erat
2158 2464 2402 2529 auctor.
2488 2458 2701 2544 Quam

600 2610 680 2681 ob
746 2634 1015 2682 causam
1085 2609 1226 2681 fieri
1279 2633 1409 2680 non
1463 2609 1699 2705 potuit,
1753 2609 1907 2679 licet
1963 2606 2289 2705 choragus
2339 2613 2518 2684 solus
2570 2616 2703 2689 fue·

598 2765 705 2844 rit⁴
750 2764 1009 2860 publice
1070 2764 1301 2851 victor,
1379 2764 1537 2856 quin
1606 2763 1919 2834 victoriae
1984 2763 2191 2835 honos
2242 2771 2473 2859 poetae
2522 2793 2704 2867 mag-

599 2941 752 2989 nam
812 2925 1067 3014 partem
1135 2918 1555 3003 tribueretur,
1623 2940 1746 2988 nec
1811 2917 2078 3004 mirum,
2136 2925 2397 3012 poetam
2448 2946 2705 3020 quoque

604 3073 923 3143 victorem
982 3070 1183 3165 vulgo
1233 3071 1532 3143 habitum
1583 3077 1650 3139 et
1700 3071 1953 3142 dictum
2004 3069 2225 3142 fuisse.

706 3222 1110 3296 Scholiastae
1178 3224 1476 3320 inprimis
1545 3248 1621 3295 ac
1687 3224 2124 3319 grammatici,
2176 3230 2251 3296 ut
2301 3250 2500 3324 supra
2548 3233 2706 3305 vidi-

603 3403 775 3466 mus,
852 3377 933 3449 de
1001 3383 1341 3471 poetarum
1402 3381 1763 3475 loquuntur
1813 3378 2310 3466 certaminibuS,
2386 3384 2706 3476 victoriiS,

608 3531 925 3604 cladibus.
1042 3531 1255 3620 Hisce,
1333 3557 1612 3629 quorum
1681 3532 1894 3604 effatis
1969 3532 2200 3604 falsam
2274 3537 2709 3613 recentiorum

608 3686 732 3755 hac
796 3686 876 3757 de
943 3710 1014 3757 re
1079 3687 1450 3785 opinionem
1519 3687 1641 3757 niti
1711 3685 2017 3774 diximuS,
2084 3692 2342 3783 praeter
2391 3712 2490 3778 ea,
2524 3717 2709 3788 quae

606 3839 740 3931 jam
802 3839 1017 3927 attuli,
1069 3815 1214 3912 'alia
1280 3841 1481 3912 etiam
1533 3840 1738 3913 fuisse
1793 3841 2047 3914 videtur
2096 3865 2318 3929 causa,
2367 3868 2487 3915 cur
2533 3845 2711 3919 hunc

611 4015 892 4062 errorem
970 3994 1051 4063 ad
1126 4018 1245 4066 nos
1312 3995 1836 4091 propagaverint.
1926 3995 2161 4081 Causa,
2220 4019 2416 4089 quam
2467 4006 2712 4093 specto,

615 4148 680 4218 ni
734 4146 941 4234 fallor,
994 4146 1154 4220 haec
1207 4149 1366 4221 fuit:
1447 4149 1667 4221 Doctis
1718 4149 1848 4220 illis
1900 4149 2077 4235 viriS,
2133 4173 2337 4245 aeque
2390 4174 2464 4222 ac
2506 4154 2713 4244 nobiS,
