3414 5176
1706 546 1808 633 38,

709 781 785 847 ut
849 775 910 845 ei
977 796 1221 845 munus
1281 773 1741 846 difficillimum
1809 776 2109 849 redderet
2170 782 2797 878 atqueimpediret,

706 926 1056 1024 quominus
1120 929 1464 1000 victoriam
1537 937 1921 1023 reportaret.
2026 931 2242 1005 Primo
2301 936 2476 1006 enim
2527 945 2802 1011 conatus

707 1088 809 1155 est
882 1084 1053 1154 inter
1144 1081 1601 1178 Dionysiorum
1700 1091 2037 1156 curatores
2149 1089 2309 1181 (τοὺς
2379 1095 2792 1189 ἐπιμελητάς)

705 1238 947 1324 creari,
1001 1234 1236 1307 deinde
1286 1235 1634 1308 choreutas
1684 1243 1913 1309 contra
1962 1262 2117 1310 eum
2173 1240 2510 1337 instigare.
2614 1245 2803 1331 Quod

701 1400 1050 1489 postquam
1083 1390 1256 1462 male
1299 1392 1358 1461 ei
1393 1393 1612 1481 cessit,
1649 1392 1830 1464 chori
1864 1401 2353 1491 praeceptorem
2387 1419 2802 1496 corrumpere

703 1553 979 1619 conatus
1046 1551 1167 1617 est.
1271 1544 1492 1629 Quum
1558 1546 1759 1618 etiam
1826 1546 1936 1619 hic
1984 1554 2262 1621 conatus
2310 1550 2537 1626 irritus
2587 1539 2800 1642 esset,

703 1700 788 1772 ad
853 1701 986 1772 vim
1051 1700 1470 1772 manifestam
1538 1724 1963 1796 progressuS,
2031 1709 2224 1774 nocte
2282 1705 2518 1801 irrupit
2585 1710 2652 1778 in
2712 1709 2802 1780 of-

696 1855 963 1927 ficinam
1014 1853 1338 1945 aurificis,
1391 1857 1504 1951 qui
1525 1941 1528 1947 ,
1552 1862 1862 1927 ornatum
1911 1877 2315 1951 coronasque
2364 1859 2544 1931 chori
2612 1861 2801 1933 fabri-

697 2010 1005 2098 cabatur,
1059 2018 1127 2082 et
1174 2010 1413 2082 honam
1464 2015 1721 2107 partem
1771 2008 2006 2081 horum
2045 2021 2584 2087 ornamentorum
2628 2016 2799 2088 dele-

693 2166 810 2237 vit.
888 2163 1112 2249 Quum
1152 2163 1582 2236 nihilominus
1624 2163 1900 2251 choruS,
1944 2163 2112 2236 hene
2154 2169 2591 2258 exercitatus,
2633 2170 2799 2241 bene

699 2320 983 2391 vestitus
1059 2324 1255 2415 atque
1329 2325 1601 2392 ornatus
1666 2319 1735 2389 in
1810 2317 2146 2390 theatrum
2212 2322 2539 2416 prodiret,
2592 2302 2796 2398 clavis

689 2475 927 2571 januas
968 2473 1273 2569 oppegit,
1326 2481 1434 2559 ut,
1479 2473 1831 2567 quominus
1867 2472 2046 2565 justo
2088 2480 2383 2572 tempore
2424 2479 2492 2549 in
2543 2479 2797 2551 orches-

693 2638 866 2702 tram
933 2627 1348 2727 procederet,
1417 2627 1784 2723 impediret.
1889 2627 2185 2724 Denique
2234 2654 2310 2702 eo
2361 2632 2597 2704 furoris
2654 2657 2796 2729 pro-

697 2784 933 2869 cessit,
1001 2788 1078 2854 ut
1143 2781 1504 2875 choragum
1571 2782 1641 2852 in
1710 2783 1851 2877 ipso
1910 2782 2372 2879 Dionysiorum
2422 2786 2590 2859 festo
2643 2795 2797 2859 ante-

696 2937 991 3009 omnium
1035 2941 1480 3032 spectatorum
1530 2936 1756 3009 oculos
1807 2937 1876 3008 in
1926 2936 2299 3026 orchestra,
2353 2939 2465 3011 ubi
2487 2995 2504 3029 ,
2555 2948 2633 3013 ut
2675 2965 2795 3014 suo

693 3091 905 3165 officio
954 3091 1378 3185 fungeretur,
1431 3091 1662 3163 adesse
1704 3091 2003 3178 debebat,
2054 3115 2255 3165 manu
2299 3093 2541 3167 feriret.
2621 3095 2798 3169 Haec

695 3248 915 3318 omnia
947 3245 1119 3316 facta
1154 3251 1348 3332 sunt,
1393 3252 1468 3317 ut
1509 3244 1985 3317 Demosthenes
2026 3247 2298 3320 victoria
2329 3248 2756 3324 frustraretur
2779 3308 2794 3338 ,

694 3399 868 3498 quod
932 3399 1282 3492 consilium
1348 3395 1617 3471 tandem
1671 3410 2016 3473 assecutus
2068 3410 2207 3491 est,
2255 3397 2584 3499 judicibus
2637 3427 2795 3476 auro

691 3555 1013 3652 corruptis
1041 3553 1117 3649 ¹).
1221 3552 1395 3626 Haec
1440 3553 1525 3625 oh
1576 3554 1853 3641 delicta,
1905 3558 2305 3652 praejudicio
2349 3583 2386 3629 a
2434 3557 2673 3653 populo
2723 3559 2790 3628 in

690 3709 972 3781 comitiis
1015 3708 1148 3779 lato
1200 3708 1518 3802 (προβολῇ)
1553 3764 1566 3795 ,
1611 3710 2094 3784 condemnatus
2111 3719 2236 3784 est.
2317 3711 2790 3784 Demosthenes

694 3887 886 3950 vero,
938 3863 1045 3935 cui
1090 3861 1562 3957 praejudicium
1606 3862 1771 3934 illud
1815 3888 1943 3935 non
1999 3866 2482 3953 satisfaciebat,
2551 3890 2787 3939 novam

764 4317 812 4379 l)
852 4317 972 4368 vid.
1007 4316 1265 4368 Demosth.
1302 4331 1344 4365 c.
1384 4313 1626 4373 Midiam‚
1662 4328 1711 4377 p.
1733 4317 1844 4364 516.
1878 4328 1984 4378 sqq.
