3414 5176
1582 578 1666 647 77

677 810 947 904 Rejecta
1013 830 1164 881 vero
1231 806 1355 879 hac
1421 803 1729 876 Boeckhii
1798 802 2162 887 sententia,
2217 822 2293 870 ex
2343 824 2471 894 qua
2521 801 2670 873 oho-

585 967 732 1060 ragi
805 964 1157 1036 auctoritas
1233 961 1314 1031 ad
1389 959 1664 1032 chorum
1744 963 2007 1029 tantum
2097 954 2448 1050 pertinuit,
2535 957 2671 1051 jam

588 1118 926 1191 videamus
951 1176 966 1207 ,
1039 1142 1121 1189 an
1183 1139 1410 1190 revera
1477 1120 1668 1209 poeta
1744 1113 2046 1208 princeps
2109 1108 2487 1181 certaminis
2535 1133 2675 1206 per-

590 1298 745 1346 sona
812 1274 1182 1345 censendus
1265 1272 1369 1342 sit.
1475 1269 1658 1339 Ultro
1725 1269 1822 1340 sic
1888 1266 2192 1339 ducimur
2258 1265 2339 1335 ad
2415 1287 2675 1359 respon-

592 1429 878 1502 dendum
933 1430 1152 1513 alteri,
1206 1447 1402 1518 quam
1455 1423 1796 1519 posuimus
1846 1423 2317 1517 quaestionem.

1012 2202 1660 2282 QUAESTIO
1738 2202 2260 2276 ALTERA.

827 2409 1057 2462 ornum
1113 2407 1476 2461 cnonAGus
1527 2407 1616 2460 AN
1670 2407 1891 2460 POETA
1943 2408 2013 2460 IN
2066 2408 2457 2461 CERTAMINE

1289 2536 1536 2588 Fussm'r
1588 2519 1885 2590 vic'ron?

694 2959 908 3056 Supra
947 2961 1272 3047 vidimus,
1328 2961 1669 3056 vulgarem
1723 2959 2009 3029 virorum
2062 2959 2403 3032 doctorum
2451 2961 2695 3056 opinio-

598 3139 750 3185 nem
804 3119 896 3185 ita
947 3138 1019 3185 se
1067 3113 1343 3200 habere,
1396 3122 1472 3185 ut
1523 3114 1852 3185 scenicam
1903 3113 2427 3185 commissionem
2479 3121 2699 3209 poeta-

599 3277 817 3339 tarum
921 3267 1121 3339 fuisse
1220 3272 1554 3338 certamen
1647 3272 1979 3351 statuant3
2074 3268 2262 3362 cujus
2362 3276 2695 3343 certamen

599 3424 773 3517 inter
823 3421 1034 3493 tribus
1092 3420 1344 3491 Atticas
1411 3444 1539 3491 non
1601 3421 1729 3492 nisi
1798 3420 2317 3494 additamentum
2368 3425 2695 3519 quoddam

603 3601 746 3651 esse
821 3575 1218 3649 habendum.
1324 3573 1842 3648 Scholiastarum
1899 3574 2099 3646 citavi
2168 3576 2382 3665 locOS‚
2458 3580 2699 3676 quibus

604 3733 893 3803 nitentes
945 3731 1027 3802 ad
1076 3729 1249 3802 hanc
1299 3729 1564 3802 adducti
1615 3734 1773 3800 sunt
1822 3730 2241 3802 sententiam.

704 3884 819 3955 His
883 3909 1036 3958 vero
1068 3923 1071 3928 ·
1103 3886 1421 3958 seriorum
1489 3884 1949 3957 traditionibus
2011 3884 2337 3959 adversari
2390 3890 2550 3960 mihi
2609 3893 2701 3962 vi-

611 4040 850 4109 dentur
914 4038 1202 4132 ipsorum
1244 4047 1544 4113 veterum
1605 4040 1769 4125 loci,
1822 4062 1984 4133 quos
2026 4039 2094 4109 in
2146 4040 2499 4111 comoediis
2564 4046 2701 4137 qui-

609 4191 889 4266 busdam
957 4198 1152 4285 atque
1219 4192 1622 4264 orationibus
1691 4191 2075 4287 reperimus.
2156 4191 2357 4263 Missa
2406 4194 2473 4264 in
2524 4220 2705 4292 prae-

615 4348 820 4418 tentia
872 4346 1293 4441 quaestione,
1348 4347 1668 4438 quomodo
1721 4345 1858 4414 fieri
1906 4345 2226 4438 potuerit,
2282 4353 2356 4418 ut
2400 4345 2703 4421 scholias-
