3414 5176
1686 627 1864 698 ,20

760 856 1033 929 videtur.
1134 853 1340 925 Recte
1415 852 1793 926 Schultzius
1830 855 1922 948 ¹):
2007 854 2182 949 ›Ego
2250 855 2439 927 aliter
2507 862 2704 952 atque
2769 859 2865 930 issi

753 1019 876 1089 viri
927 1016 1102 1088 docti
1153 1039 1413 1103 censeo,
1464 1039 1596 1089 non
1647 1023 1911 1088 tantum
1960 1022 2295 1112 praetores
2345 1039 2461 1111 pro
2504 1016 2864 1110 judicibuS,

752 1178 868 1250 sed
919 1179 1117 1250 etiam
1161 1175 1396 1248 horum
1432 1176 1735 1272 judicum
1770 1201 2125 1250 numerum
2165 1198 2411 1249 novum
2449 1183 2646 1271 atque
2680 1178 2866 1250 inau-

749 1340 962 1412 ditum
1030 1336 1279 1411 fuisse.’
1406 1336 1684 1422 Quando
1735 1344 1959 1411 tamen
2012 1338 2180 1408 infra
2208 1337 2257 1432 ²)
2344 1337 2552 1409 addit:
2619 1337 2862 1411 »Recte

744 1502 951 1595 igitur
998 1523 1155 1571 cum
1198 1497 1532 1571 Boeckhio
1587 1498 1678 1592 (in
1730 1521 1790 1584 c,
1842 1497 1894 1585 1,
1944 1498 1991 1585 1,
2043 1495 2117 1568 G.
2171 1522 2237 1593 p.
2289 1497 2433 1569 352
2476 1505 2544 1570 et
2585 1496 2660 1587 G.
2708 1498 2863 1570 Her-

745 1683 1008 1747 mannO,
1068 1686 1131 1755 p.
1186 1657 1301 1754 93)
1379 1659 1613 1753 quinos
1662 1659 1921 1753 judices
1970 1659 2174 1730 etiarn
2223 1682 2341 1753 pro
2392 1661 2663 1756 tragicis
2713 1683 2862 1756 poe*

744 1822 834 1892 tis
900 1826 1294 1905 statuemus,
1356 1825 1454 1906 ut,
1524 1842 1678 1892 cum
1737 1819 1836 1891 sic
1883 1842 1999 1915 pro
2040 1819 2215 1891 ludis
2265 1820 2546 1893 scenicis
2594 1822 2863 1892 omnino

749 1982 900 2053 deni
938 1980 1197 2075 judices
1242 1980 1551 2067 existant,
1603 2003 1683 2051 ex
1736 2004 2133 2076 unaquaque
2182 1979 2360 2051 tribu
2414 2006 2588 2054 unus
2638 1981 2862 2054 chore-

747 2167 874 2237 gus
916 2164 1222 2236 unusque
1252 2140 1452 2235 judex
1490 2139 2040 2237 prodierint”,—-
2064 2141 2229 2213 haec
2270 2144 2512 2231 omnia,
2557 2144 2861 2238 quamvis

746 2303 1042 2397 speciosa
1132 2303 1548 2397 maximaque
1638 2304 1929 2376 virorum
2023 2302 2365 2374 doctorum
2460 2305 2855 2376 auctoritate

746 2462 1048 2548 nitentia,
1102 2462 1511 2556 argumentis
1562 2461 1733 2534 effici
1785 2463 1892 2535 vix
1942 2471 2241 2558 possunt.

844 2623 1262 2718 Quamquam
1312 2624 1582 2695 solitum
1635 2624 1838 2696 fuisse
1875 2623 2207 2697 credimus
2249 2625 2593 2698 denarium
2637 2628 2857 2702 chora·

752 2805 987 2881 gerum
1062 2808 1455 2870 numerum,
1537 2787 1707 2857 ratio
1776 2793 1999 2857 tamen
2048 2784 2349 2858 habenda
2399 2759 2545 2859 esse
2595 2789 2858 2861 videtur

746 2969 998 3033 eorum,
1050 2969 1220 3041 quae
1270 2945 1449 3017 hunc
1505 2946 1801 3017 ordinem
1862 2945 2221 3041 infringere
2288 2949 2642 3041 potuerint.
2750 2950 2856 3020 Uti

746 3109 920 3193 enim
984 3109 1181 3178 unius
1243 3107 1599 3181 'alteriusve
1649 3108 1863 3179 tribus
1912 3106 2131 3201 inopia
2182 3106 2397 3178 facere
2446 3116 2726 3204 poterat,
2781 3119 2857 3183 ut

747 3267 1074 3368 choragus
1125 3269 1405 3355 deesset,
1458 3267 1648 3362 cujus
1698 3269 1794 3340 rei
1847 3267 2198 3339 Pandionis
2231 3267 2444 3340 tribus
2480 3272 2854 3367 exemplum

746 3428 932 3516 nobis
983 3427 1250 3525 praebet
1276 3429 1356 3523 ⁸),
1408 3452 1576 3523 quae
1628 3451 1840 3522 usque
1890 3429 1958 3498 in
2009 3428 2281 3499 tertium
2334 3453 2579 3503 annum
2606 3434 2654 3525 ⁴)
2706 3430 2854 3501 cho·

817 3724 869 3788 1)
904 3723 1005 3773 vd.
1040 3724 1136 3775 1.1.
1169 3741 1221 3790 p.
1251 3731 1328 3776 12.

811 3820 867 3883 2)
905 3821 1010 3870 vd.
1040 3821 1130 3872 1.1.
1164 3838 1213 3887 p.
1247 3829 1324 3874 13.

802 3918 860 3980 3)
899 3918 1019 3968 vid.
1038 3918 1390 3972 Demosthenis
1410 3920 1654 3981 Midiana‚
1686 3934 1736 3985 p.
1756 3923 1876 3980 518,
1904 3919 1934 3982 ς
1973 3923 2059 3969 13:
2100 3941 2122 3963 u
2143 3917 2205 3968 οὐ
2238 3918 2654 3985 καθεστηκότας
2689 3938 2846 3992 χορη-

740 4016 842 4084 γοῦ
878 4019 950 4082 τῆ
975 4015 1317 4068 Πανδιονίδι
1350 4016 1494 4081 φυλῇ
1524 4016 1715 4085 ‘testor
1747 4014 1872 4073 ἔτος
1903 4016 2115 4076 vovum,
2157 4036 2205 4068 κ.
2224 4034 2275 4068 τ.
2298 4017 2346 4071 λ.

802 4115 857 4177 4)
890 4113 969 4166 De
1008 4116 1103 4166 hac
1142 4117 1374 4167 versione
1403 4115 1669 4166 verborum
1706 4115 1939 4182 κτρίτον
1964 4113 2088 4172 ἔτος
2121 4115 2319 4165 ταυτί”
2351 4117 2416 4168 cf.
2450 4118 2678 4168 Boeckh.
2715 4118 2843 4168 Ath.

730 4209 948 4262 Staatsh.
982 4228 1031 4276 p.
1067 4217 1191 4263 606:
1231 4212 1372 4261 «Der
1398 4210 1769 4261 Pandionische
1798 4210 1995 4261 Stamm
2020 4213 2160 4263 hatte
2191 4213 2287 4263 seit
2310 4215 2432 4265 oder
2454 4230 2541 4264 vor
2569 4213 2681 4262 drei
2706 4211 2841 4262 Jah-

733 4324 819 4355 ren
847 4309 941 4359 che
965 4308 1334 4360 Demosthenes
1359 4309 1442 4359 die
1474 4307 1615 4359 Reda
1640 4321 1805 4372 gagen
1840 4308 2027 4359 Midias
2062 4309 2286 4371 seht-fieb,
2331 4312 2457 4361 oder
2487 4309 2736 4360 vielmehr
2767 4304 2844 4360 ln‘s

731 4403 782 4452 in
815 4404 908 4453 das
939 4404 1091 4455 ἀνίετε
1123 4404 1263 4454 ,ΤαΙιν
1295 4406 1482 4456 keincn
1516 4405 1769 4471 geliefcrt,
1815 4405 1891 4458 bis
1925 4407 2173 4457 zwischen
2205 4410 2319 4458 dem
2359 4407 2569 4457 Archon
2596 4407 2702 4456 und
2736 4407 2834 4456 den
