3414 5176
1705 545 1797 615 90

699 780 966 853 nomina
1016 777 1280 861 laudat,
1334 775 1447 870 qui
1500 774 1696 846 variis
1750 774 2150 868 temporibus
2202 775 2368 846 tales
2419 774 2795 868 composue-

695 942 830 1012 rint
895 937 1287 1010 didascalias
1355 941 1471 1007 aut
1538 934 1618 1006 de
1686 934 2061 1006 didascaliis
2138 934 2553 1032 scripserint,
2622 934 2794 1004 inter

693 1122 859 1197 quos
923 1101 1067 1195 ipse
1131 1096 1514 1168 Aristoteles
1580 1096 1866 1192 primum
1929 1101 2114 1168 tenet
2165 1097 2382 1170 locum
2422 1095 2516 1189 ¹),
2560 1094 2795 1166 deinde

694 1259 1059 1356 discipulus
1133 1259 1277 1354 ejus
1344 1255 1821 1343 Dicaearchus,
1899 1262 2125 1353 postea
2203 1254 2646 1328 Callimachus
2723 1261 2791 1325 et

693 1418 1160 1492 Eratosthenes
1183 1474 1199 1506 ‚
1260 1416 1600 1513 Carystius
1625 1417 1673 1510 2)
1700 1472 1717 1505 ,
1771 1417 2240 1513 Aristophanes
2284 1418 2791 1514 grammaticuS,

693 1582 826 1652 alii.
881 1578 1079 1650 Addit
1122 1578 1576 1651 Casaubonus:
1636 1577 1940 1649 etPraeter
1965 1602 2194 1652 omnes
2236 1578 2356 1649 hos
2399 1576 2792 1649 industriam

691 1738 882 1811 suam
934 1741 1002 1811 in
1051 1740 1179 1810 isto
1245 1740 1508 1836 negotio
1558 1748 1971 1835 occuparunt·
2015 1736 2265 1812 nobiles
2315 1739 2568 1824 critici,
2621 1738 2791 1807 Aris·
2892 1742 2895 1747 ‘

690 1898 993 1989 tarehuS,
1079 1900 1306 1972 Crates
1372 1907 1440 1970 et
1506 1899 1615 1970 alii
1685 1901 1912 1988 multi,
1981 1903 2091 1996 qui
2158 1899 2415 1972 fabulas
2492 1906 2786 1970 veterum

689 2069 1031 2162 poetarum
1126 2069 1280 2136 sunt
1373 2064 1803 2156 interpretati.
1925 2061 2019 2132 De
2105 2064 2207 2134 his
2295 2059 2782 2154 accipiendum,

688 2224 944 2318 quoties
996 2224 1138 2295 sine
1185 2224 1451 2295 nomine
1501 2222 1858 2293 laudantur
1906 2230 1973 2294 αἱ
2024 2223 2518 2294 Διδασκαλίαι.”

787 2345 1158 2455 Boeckhius
1223 2405 1376 2454 vero
1442 2384 1555 2454 illa
1615 2384 1983 2455 Aristotelis
2061 2390 2126 2453 et
2205 2378 2786 2475 grammaticorum

618 2590 625 2597 ·
686 2544 968 2640 scripta,
1022 2543 1101 2613 de
1153 2542 1392 2637 quibus
1442 2544 1734 2639 loquitur
1779 2542 2235 2628 CasaubonuS,
2288 2565 2419 2612 non
2464 2539 2786 2635 genuinas

764 2961 814 3025 1)
850 2960 1099 3013 Novimus
1134 2977 1162 3013 e
1193 2963 1422 3028 Diogene
1456 2963 1659 3013 Laertio
1693 2964 1770 3024 V,
1807 2968 1868 3013 26
1884 3001 1897 3022 ‚
1938 2962 2265 3012 Aristotelem
2299 2963 2424 3010 duos
2450 2960 2786 3024 composuisse

684 3057 865 3119 libros,
896 3074 1110 3123 quornm
1129 3060 1276 3110 alteri
1301 3061 1474 3110 titulus
1496 3067 1571 3111 est
1594 3059 1657 3107 N
1659 3066 1776 3109 τκαι
1799 3058 2189 3127 Δισνυσιακαί,
2215 3058 2359 3109 alteri
2384 3054 2780 3107 Διδασκαλίαι.

687 3155 876 3207 Nonne
925 3158 1036 3208 fieri
1078 3165 1242 3223 potest
1255 3197 1272 3220 ,
1316 3165 1374 3209 ut
1416 3159 1470 3208 in
1515 3159 1681 3224 priore
1722 3157 1819 3208 hoc
1860 3171 2008 3223 opere
2051 3158 2316 3207 chororum
2356 3156 2784 3219 choragorumque

689 3253 1034 3315 conscripserit
1067 3255 1301 3315 nomina,
1335 3253 1694 3319 Dionysiorum
1738 3257 2091 3305 certaminibus
2134 3256 2408 3313 victorum,
2442 3255 2494 3301 in
2530 3253 2685 3301 altera
2714 3249 2783 3298 fa·

685 3349 944 3411 bularum,
985 3364 1115 3415 quae
1138 3357 1298 3413 ⁴actae
1344 3358 1511 3412 erant,
1556 3360 1939 3417 poetarumque,
1983 3354 2070 3418 qui
2113 3366 2197 3401 eas
2251 3357 2483 3415 egerant,
2527 3348 2784 3411 collegerit

684 3445 927 3495 nomina?
967 3446 1113 3497 Haec
1146 3449 1431 3513 conjectura
1463 3450 1506 3499 si
1538 3464 1657 3499 vera
1689 3457 1843 3510 esset,
1877 3455 2173 3514 argumento
2206 3457 2334 3498 esset
2366 3446 2642 3497 sententiae
2664 3429 2781 3493 ‘nos-

685 3550 820 3603 trae,
855 3558 924 3593 ex
951 3558 1056 3609 qua
1086 3545 1244 3595 tribus
1279 3552 1328 3595 et
1359 3539 1572 3610 choragi
1594 3547 1649 3596 in
1682 3547 1956 3597 certamine
1990 3547 2085 3595 soli
2115 3547 2330 3595 victores
2370 3544 2584 3602 fuerint,
2626 3555 2792 3604 quumv

685 3640 878 3703 operis,
928 3641 983 3691 in
1032 3657 1133 3706 quo
1175 3617 1617 3707 consignarentur,
1652 3645 1825 3694 titulus
1859 3651 1988 3695 esset
2019 3641 2082 3690 N
2082 3649 2199 3692 τκαι
2234 3639 2623 3700 Διονυσιακὴ
2656 3654 2781 3705 opus

684 3750 833 3798 vero,
863 3737 920 3786 in
936 3752 1037 3801 quo
1053 3738 1292 3790 didascali
1307 3747 1843 3802 commemorarentur,
1874 3740 2017 3791 nullo
2046 3742 2269 3792 adhibito
2297 3740 2533 3790 victoriae
2549 3739 2780 3798 nomine,

691 3833 1075 3886 Διδασκαλίαι
1108 3837 1457 3900 appellaretur.

754 3934 809 4000 2)
853 3933 1024 3998 Hujus
1065 3932 1285 3997 Carystii
1330 3934 1534 3984 effatum
1576 3936 1640 3985 ab
1682 3935 1951 3987 Athenaeo
1994 3938 2096 3986 1.1.
2141 3937 2372 3986 citatum:
2412 3933 2551 3983 ιιΤὸν
2587 3931 2654 3983 δὲ
2685 3933 2786 3981 νῦν

690 4029 989 4097 λεγόμενον
1019 4030 1321 4100 παράσιτον
1352 4030 1668 4099 Καρύστιος
1706 4031 1736 4081 ὃ
1779 4030 2169 4101 Περγαμηνὸς,
2204 4032 2261 4081 ἓν
2295 4030 2371 4098 τῷ
2405 4031 2539 4100 περὶ
2575 4030 2778 4082 Audac-

689 4128 914 4191 καλιῶν,
958 4128 1268 4198 εὑρεθῆναί
1310 4144 1470 4197 φησιν
1515 4128 1624 4181 ὑπὸ
1667 4130 1890 4200 πρώτου
1927 4129 2242 4188 Ἀλέξιδος·
2278 4128 2654 4191 ἐκλαθόμενος
2687 4128 2774 4176 ὅτι

671 4217 1097 4296 ΔἘ’σινίχαρμοεφ,
1135 4238 1226 4281 etc.
1279 4246 1454 4281 ansam
1485 4231 1622 4281 dedit
1654 4230 1939 4281 Casauboni
1973 4230 2392 4280 animadversioni
2437 4231 2499 4280 de
2546 4229 2775 4279 Didasca-

679 4327 784 4386 liis,
820 4341 849 4376 e
882 4342 980 4391 qua
1014 4342 1160 4390 supra
1193 4329 1437 4379 nonnulla
1472 4329 1745 4379 attulimus,
