3414 5176
1664 532 1757 601 39

667 757 856 827 {item
908 755 968 826 ei
1017 755 1279 842 intulit,
1332 777 1569 850 nempe
1621 759 1947 828 actionem
1998 764 2258 853 propter
2307 757 2552 829 laesam
2610 750 2762 826 civi·

674 915 881 980 tatem
933 933 1009 981 ac
1059 910 1276 1004 legem
1323 911 1397 1004 ¹).

774 1061 915 1133 Non
966 1065 1144 1135 enim
1193 1064 1376 1136 solus
1426 1064 1899 1137 Demosthenes
1965 1066 2199 1160 injuria
2267 1064 2540 1139 affectus
2591 1069 2767 1149 erat,

675 1217 793 1290 sed
870 1224 1139 1290 sanctus
1188 1217 1514 1314 choragus
1565 1222 1768 1292 sacris
1834 1220 2127 1291 muneris
2183 1217 2414 1292 officiis
2464 1217 2768 1312 fungens.

679 1372 814 1445 Hoc
864 1372 1078 1444 scelus
1130 1378 1269 1443 erat
1318 1372 1483 1467 legis
1525 1375 1792 1446 violatio
1834 1397 1965 1444 non
2006 1380 2267 1445 tantum
2290 1428 2307 1461 ,
2359 1378 2499 1444 erat
2540 1371 2777 1466 injuria

684 1528 1027 1600 universae
1093 1528 1343 1599 civitati
1394 1550 1517 1600 nec
1573 1530 1794 1600 minus
1853 1528 1977 1623 ipsi
2029 1528 2151 1599 deo
2194 1534 2260 1598 et
2301 1525 2497 1598 rebus
2540 1525 2778 1598 divinis

680 1681 883 1752 illata.

779 1834 1151 1919 Quamnam
1202 1859 1357 1909 vero
1409 1859 1684 1933 poenam
1730 1834 2203 1907 Demosthenes
2254 1834 2336 1905 de
2376 1835 2495 1906 tali
2539 1832 2783 1905 scelere

685 1991 1025 2084 poposcit?
1101 1989 1197 2059 Ex
1248 1990 1531 2084 quodam
1579 1991 1725 2061 loco
1752 1989 1800 2082 2)
1851 1994 2071 2084 patet,
2122 1988 2248 2058 nisi
2300 1984 2623 2058 rhetorica
2664 1985 2785 2056 for-

690 2149 866 2213 tasse
935 2142 1094 2212 insit
1160 2141 1549 2237 hyperbole,
1610 2167 1764 2215 eum
1814 2142 2049 2238 capitis
2098 2141 2367 2213 Midiam
2420 2161 2782 2213 accusasse.

688 2295 856 2367 Tam
910 2318 1172 2366 sacrum
1223 2295 1584 2368 habebatur
1633 2295 1899 2390 choragi
1942 2319 2204 2368 munus.

1201 2677 1240 2769 Ξ
1293 2675 1360 2745 9.
1435 2695 1523 2744 DE
1574 2693 1877 2747 cnoRAei
1929 2693 2271 2748 vic‘romA.

792 2869 886 2941 De
943 2869 1209 2964 choragi
1277 2871 1418 2966 ipso
1485 2871 1590 2942 die
1650 2870 1855 2956 fest0,
1916 2895 2121 2965 quum
2178 2869 2417 2943 chorus
2458 2883 2792 2945 certamen

694 3026 890 3096 iniret
930 3025 999 3094 in
1041 3023 1444 3097 orchestram
1480 3023 1822 3119 prodiens,
1865 3022 2200 3116 partibu8‚
2243 3022 2406 3095 nihil
2434 3025 2569 3096 fere
2609 3025 2794 3097 nobis

697 3177 1004 3249 innotuit.
1108 3176 1243 3248 Hoc
1301 3201 1510 3249 unum
1562 3199 1641 3246 ex
1692 3173 2151 3246 Demosthenis
2216 3175 2283 3247 in
2327 3177 2613 3250 Midiana
2655 3179 2797 3251 loco

698 3334 902 3405 citato
954 3337 1258 3427 apparet,
1335 3330 1703 3428 choragum.
1762 3350 1839 3421 eo
1889 3329 1995 3400 die
2043 3328 2112 3401 in
2186 3330 2519 3404 orchestra
2570 3333 2797 3405 adesse

708 3486 1051 3572 debuisse,
1102 3485 1558 3581 praesentibus
1602 3487 1738 3580 jam
1790 3484 2282 3581 spectatoribus,

805 3642 948 3712 Alia
998 3640 1123 3713 hac
1173 3641 1252 3712 de
1303 3663 1373 3711 re
1425 3664 1554 3712 non
1608 3647 1765 3711 sunt
1815 3639 2075 3710 tradita.
2180 3639 2379 3713 Nobis
2430 3642 2672 3739 igitur,
2726 3649 2800 3715 ut

705 3797 978 3867 consilio
1020 3802 1243 3876 nostro
1294 3819 1372 3866 ea
1421 3796 1639 3867 omnia
1683 3795 2151 3883 adumbrandi,
2204 3821 2370 3892 quae
2415 3799 2496 3870 ad
2537 3797 2803 3893 choragi

728 3984 818 3993 .—

786 4094 834 4157 l)
882 4093 1006 4143 vid.
1055 4108 1184 4159 quae
1230 4096 1296 4144 de
1345 4095 1542 4145 actione
1594 4096 1826 4145 Midiana
1875 4101 2019 4146 acute
2068 4096 2339 4161 disputavit
2400 4095 2573 4158 Bake,
2635 4097 2805 4152 Schol.

710 4190 970 4254 Hypomn.
1008 4189 1129 4239 Vol.
1165 4191 1257 4262 1011
1291 4193 1344 4241 in
1378 4192 1587 4256 epistola
1619 4191 1923 4242 dedicatoria
1953 4194 2019 4242 ad
2054 4193 2422 4244 Hel-mannum.

783 4287 837 4353 2)
873 4287 994 4338 vid.
1029 4286 1286 4348 Midiana,
1323 4304 1370 4350 p.
1392 4292 1513 4349 537,
1556 4291 1583 4351 ἓ
1621 4291 1698 4338 70.
