3414 5176
1667 513 1710 580 6

732 737 802 808 ln
853 735 1259 846 Lenaeprum
1326 759 1479 810 vero
1539 737 1705 807 festo
1757 738 1957 808 etiam
2008 736 2335 832 peregrini
2387 733 2739 807 choreutae

633 901 702 967 et
748 895 1052 991 inquilini
1113 898 1423 993 (μέτοικοι)
1485 897 1753 992 choragi
1805 919 1950 969 esse
2000 902 2325 992 poterant,
2378 897 2433 967 si
2502 897 2737 968 saltem

633 1055 1025 1129 scholiastae
1114 1057 1308 1130 effato
1385 1059 1429 1154 ¹)
1523 1058 1685 1129 fides
1777 1056 2075 1128 habenda
2166 1080 2346 1129 cum·
2410 1055 2740 1129 Boeckhio

634 1217 909 1312 aliisque
945 1218 1024 1313 ²).
1125 1217 1212 1290 Ut
1277 1240 1430 1291 vero
1490 1240 1570 1290 ea
1635 1243 1740 1290 res
1784 1217 1921 1312 jam
1990 1218 2069 1290 ab
2130 1217 2622 1290 Hemsterhusio
2670 1219 2738 1289 in

626 1377 906 1451 dubium
963 1384 1197 1453 vocata
1246 1385 1347 1451 cst
1391 1381 1439 1476 ⁸)
1465 1436 1481 1468 ,
1557 1381 1650 1453 ita
1725 1378 1888 1452 mihi
1964 1403 2220 1475 quoque
2295 1403 2530 1477 parum
2604 1380 2738 1452 veri

631 1538 868 1611 similis
916 1562 1060 1612 esse
1110 1538 1390 1612 videtur.

731 1695 884 1770 Sive
933 1697 1193 1775 Lenaea
1241 1701 1449 1797 igitur
1515 1707 1673 1773 sunt
1734 1701 2149 1797 excipienda,
2203 1703 2341 1775 sive
2375 1723 2506 1772 non
2550 1707 2738 1788 sunt,

631 1864 920 1931 statuere
971 1860 1127 1932 licet
1177 1884 1331 1934 cum
1380 1860 1820 1933 Demosthene
1854 1862 1904 1957 ⁴)
1931 1917 1947 1949 ,
1998 1863 2377 1958 peregrinos
2436 1883 2474 1932 e
2524 1861 2740 1934 choris

629 2020 832 2092 fuisse
897 2020 1229 2108 exclusos3
1284 2044 1408 2093 nec
1457 2022 1853 2118 peregriniS,
1920 2046 2133 2117 neque
2200 2021 2539 2117 inquilinis
2590 2020 2739 2094 cho-

627 2180 805 2274 ragis
864 2204 1011 2253 esse
1077 2180 1363 2254 licuisse.
1467 2180 1877 2278 Choragum,
1946 2183 2369 2279 peregrinum
2420 2183 2488 2253 in
2539 2182 2739 2255 choro

629 2363 749 2413 suo
800 2347 1052 2413 certare
1102 2342 1451 2428 sinentem,
1502 2342 1685 2413 mille
1737 2341 2200 2414 drachmarum
2244 2344 2526 2416 multam
2568 2366 2739 2417 com-

618 2478 891 2573 misisse
941 2524 1026 2585 ex,
1071 2500 1300 2573 eodem
1351 2506 1533 2597 patet
1584 2501 2046 2572 Demosthenis
2097 2501 2262 2572 loco.

726 2662 881 2734 lnde
948 2668 1192 2750 autem,
1261 2663 1434 2758 quod
1503 2686 1672 2759 agon
1724 2662 2019 2734 musicus
2069 2661 2364 2734 tribuum
2414 2667 2555 2734 erat
2606 2686 2738 2734 cer-

630 2829 885 2910 tamen,
953 2846 1233 2918 quarum
1301 2784 1601 2919 quaeque
1667 2822 1944 2895 chorum
2010 2821 2313 2909 sistebat,
2383 2824 2738 2895 verisimile

628 2982 909 3070 videtur,
961 2989 1029 3054 et
1094 2982 1413 3080 chor-agos
1480 2989 1547 3055 et
1598 2981 1948 3054 choreutas
2011 2984 2091 3054 ad
2144 3006 2289 3055 eam
2342 2984 2737 3079 pertinuisse

627 3144 897 3232 tribum,
950 3169 1144 3240 quam
1199 3150 1784 3239 repraesentarent.

726 3304 820 3375 Ea
855 3305 1182 3399 exempla,
1236 3328 1402 3399 quae
1446 3311 1673 3376 contra
1715 3303 1888 3375 hanc
1924 3306 2353 3394 sententiam,
2397 3307 2571 3402 quod
2617 3308 2738 3378 sal-

702 3623 753 3688 1)
801 3622 923 3672 Vid.
971 3621 1143 3671 Schol.
1185 3624 1248 3672 ad
1292 3622 1551 3686 Aristoph.
1604 3621 1813 3671 Plutum
1868 3637 1944 3673 vs.
1982 3627 2107 3672 954:
2165 3620 2293 3671 κούκ
2329 3619 2450 3686 ἐξῆν
2485 3617 2549 3668 δὲ
2585 3618 2735 3675 ξένον

627 3717 879 3787 χορεύειν
913 3718 970 3767 ἐν
1005 3717 1082 3784 τῷ
1115 3717 1315 3784 darona)
1362 3717 1531 3785 χορῷ·
1570 3719 1721 3785 παρὰ
1764 3719 1933 3768 τοῦτο
1968 3717 2272 3785 πέπαιχεν·
2308 3720 2365 3768 ἐν
2402 3714 2467 3767 δὲ
2506 3717 2583 3784 τῷ
2625 3717 2733 3784 Λη-

628 3817 763 3884 ναίῳ
797 3816 950 3881 ἐξῆν·
1003 3815 1127 3866 ἐπεὶ
1162 3815 1258 3864 καὶ
1291 3813 1535 3875 μέτοικοι
1568 3815 1920 3883 ἐχορήγουν.”

694 3916 748 3980 2)
796 3915 916 3965 vid.
964 3914 1212 3972 Boeckh„
1256 3913 1320 3962 de
1366 3912 1623 3962 Demosth.
1675 3914 1916 3963 orationis
1967 3914 2227 3966 Midianac
2260 3914 2499 3978 temporis
2532 3914 2733 3965 rationi·

626 4014 742 4072 bus,
763 4027 810 4076 p.
832 4017 894 4062 62
908 4050 923 4072 ,
942 4017 1090 4076 atque
1115 4012 1169 4061 in
1193 4010 1390 4061 Comm.
1408 4012 1471 4060 de
1486 4011 1776 4061 discrimine
1803 4010 2044 4061 festorum
2063 4011 2447 4074 Bacchicorum,
2464 4028 2509 4064 c.
2528 4017 2620 4075 21,
2650 4019 2730 4073 223

628 4107 911 4158 Schultzius
946 4109 998 4157 in
1032 4106 1227 4157 Comm.
1264 4108 1328 4158 dc
1362 4106 1517 4158 Chori
1552 4106 1856 4158 Graecorum
1889 4108 2066 4171 tragici
2098 4108 2274 4159 habitu
2308 4117 2544 4173 externo,
2579 4126 2626 4175 p.
2650 4115 2694 4162 7.

688 4209 746 4271 3)
781 4206 902 4256 Vid.
936 4205 1346 4254 Hemsterhusius
1379 4207 1432 4254 in
1469 4206 1610 4255 Pluti
1645 4205 1863 4255 editione
1897 4219 1986 4254 sua
2020 4207 2082 4255 ad
2117 4220 2189 4255 vs.
2227 4206 2260 4256 1.

691 4303 743 4368 4)
781 4303 898 4353 vid.
935 4301 1191 4350 Demosth.
1230 4302 1352 4352 Mid.
1394 4305 1420 4365 ξ
1453 4307 1512 4353 56
1535 4341 1547 4362 ,
1582 4318 1628 4366 p.
1665 4307 1790 4362 532,
1830 4317 1868 4351 s.
1905 4302 1938 4350 1.
