3414 5176
1571 606 1657 673 87

572 837 918 911 victoriam
984 833 1366 929 reportarit,
1430 830 1717 901 secundo
1778 828 1977 924 hujus
2028 829 2207 900 chori
2275 827 2691 923 choragum,

573 991 809 1064 deinde
848 1011 998 1062 vero
1037 987 1226 1081 Sequi
1264 983 1490 1056 verba:
1545 989 1893 1071 »Φρύνιχος
1941 986 2342 1069 ἑδίδασκεν”,
2368 983 2546 1076 quiS,
2583 984 2677 1054 in·

569 1166 804 1241 quam,
856 1140 1219 1227 dubitabit,
1263 1162 1347 1210 an
1392 1137 1557 1209 haec
1608 1135 1807 1209 verba
1862 1140 2163 1231 spectent
2203 1137 2285 1208 ad
2326 1159 2522 1224 eum,
2564 1139 2677 1231 qui

565 1299 852 1381 eundem
877 1296 1152 1369 chorum
1177 1293 1512 1378 docuerit,
1553 1314 1684 1362 non
1712 1312 1866 1362 vero
1892 1289 1975 1360 ad
1999 1297 2260 1385 poetam
2286 1290 2680 1363 histrionum

573 1454 964 1549 magistrum
987 1504 1003 1536 ,
1056 1470 1251 1543 quem
1294 1470 1372 1518 cx
1409 1443 1718 1518 Boeckhii
1761 1443 2089 1515 sententia
2138 1442 2320 1516 chori
2362 1434 2678 1540 mugistro

570 1608 859 1680 multum
893 1605 1298 1701 praestitisse
1325 1601 1608 1672 vidimus
1648 1597 2045 1693 choragiquc
2073 1598 2463 1670 auctoritate
2505 1620 2676 1694 pror·

563 1785 682 1833 sus
725 1761 927 1831 fuisse
968 1758 1297 1830 liberum?
1349 1753 1549 1850 quue
1599 1753 1740 1847 ipse
1781 1720 2152 1824 Boeckbius
2192 1754 2531 1840 concedit,
2584 1750 2676 1823 di-

561 1939 743 1987 cens:
787 1935 1019 2009 nporro
1065 1906 1661 2007 (commemoratur)
1695 1908 1881 1978 chori
1907 1913 2325 2001 praeceptor,
2368 1908 2675 2002 quimodo

569 2071 709 2161 ipse
760 2072 952 2160 poeta
1003 2068 1144 2150 est,
1196 2062 1390 2132 modo
1444 2058 1684 2131 alius.’'

669 2220 766 2290 Ex
810 2218 1008 2288 allata
1049 2216 1255 2309 igitur
1290 2214 1716 2308 inscriptione
1759 2220 2063 2309 apparet:
2112 2214 2209 2287 ¹1⁰.
2256 2216 2322 2285 in
2361 2217 2671 2288 victoriae

574 2376 1003 2444 monumento
1045 2367 1304 2439 fabulae
1331 2375 1591 2461 poetam
1618 2391 1749 2438 non
1774 2369 2309 2457 commemorari,
2345 2371 2472 2441 nisi
2500 2371 2672 2443 idem

571 2526 753 2599 chori
807 2530 981 2596 esset
1030 2521 1384 2617 magister3
1439 2520 1538 2592 2⁰.
1587 2522 1767 2595 hunc
1808 2521 1989 2595 chori
2040 2523 2434 2619 magistrum
2477 2526 2672 2598 tertio

570 2680 837 2751 tandem
889 2679 1028 2749 loco
1079 2680 1617 2765 commemorari,
1677 2701 1882 2775 quum
1938 2677 2144 2749 tribus
2186 2685 2254 2749 et
2304 2677 2670 2773 choraguS,

566 2837 680 2928 qui
730 2832 1238 2929 repraesentarit
1293 2829 1566 2921 tribum,
1621 2835 1867 2929 primos
1918 2837 2187 2902 teneant
2240 2832 2415 2905 locos
2447 2835 2521 2928 ¹).

639 3072 690 3131 l)
725 3070 904 3119 Unum
937 3078 1106 3119 tamen
1150 3070 1269 3118 huic
1303 3077 1502 3118 nostrae
1535 3069 1845 3118 conclusioni
1878 3069 2028 3133 objici
2061 3086 2205 3136 posse
2237 3072 2450 3121 videtur.
2521 3070 2578 3121 Si
2614 3074 2667 3121 in

568 3166 832 3214 tibicinum
866 3165 1031 3214 choris
1061 3165 1259 3224 auleta,
1292 3163 1716 3228 quemadmodum
1746 3164 1965 3213 vidimus
1978 3202 1992 3224 ,
2027 3180 2267 3230 magnam
2300 3166 2529 3217 habuerit
2558 3182 2672 3216 auc·

568 3261 821 3310 toritatem
837 3297 851 3320 ‚
895 3259 1013 3309 licet
1057 3259 1196 3308 chori
1249 3260 1486 3320 magister
1530 3271 1633 3306 non
1690 3266 1843 3319 esset,
1890 3274 1948 3309 ae
1991 3274 2193 3320 revera,
2237 3266 2294 3308 ut
2337 3261 2667 3325 conjecimus,

571 3356 754 3404 tibicen
807 3355 848 3404 is
898 3354 1076 3412 fuerit,
1125 3352 1212 3416 qui
1260 3351 1496 3400 tibiarum
1546 3354 1721 3403 modos
1767 3360 2108 3418 componeret,
2174 3354 2228 3404 in
2285 3355 2456 3420 cycliis
2501 3363 2669 3405 autem

569 3453 733 3502 choris
776 3451 961 3501 tibicen
994 3448 1149 3512 vulgo
1192 3451 1309 3495 ente
1341 3445 1482 3496 chori
1514 3448 1809 3512 magistrum
1840 3450 2218 3500 commemorari
2267 3450 2450 3508 soleat,
2502 3464 2670 3500 nonne

570 3548 688 3597 inde
752 3544 1179 3602 concludendum,
1251 3547 1450 3604 poetam
1516 3544 1873 3605 dramaticum,
1928 3545 2013 3606 qui
2075 3545 2139 3593 ab
2194 3544 2333 3591 omni
2399 3550 2562 3606 parte,
2613 3551 2676 3592 ut.

569 3643 791 3703 videtur,
841 3657 958 3692 cum
1005 3639 1333 3689 auleticorum
1382 3638 1645 3688 chororum
1695 3638 1900 3689 tibicine
1954 3638 2246 3697 conveniat,
2297 3637 2446 3686 etiam
2489 3639 2664 3688 eodeni

570 3736 761 3786 honore
793 3736 1008 3787 fructum
1041 3739 1190 3798 atque
1224 3733 1276 3782 in
1310 3733 1521 3798 publicis
1553 3735 1793 3783 victoriae
1818 3733 2155 3783 monumentis
2181 3732 2494 3782 nominatum
2527 3747 2662 3793 esse,

571 3831 725 3880 etiam
767 3831 812 3880 si
852 3832 992 3882 chori
1024 3828 1264 3893 magister
1301 3842 1403 3877 non
1438 3828 1625 3879 fuisset.
1693 3829 1832 3879 Huic
1862 3837 2032 3879 tamen
2076 3827 2330 3892 opinioni,
2365 3842 2458 3878 nec
2490 3842 2664 3876 monu-

570 3931 744 3975 menta
775 3940 868 3975 nec
910 3935 1138 3978 veterum
1169 3923 1456 3973 testimonia
1488 3922 1655 3971 favere
1687 3924 1936 3973 videntur.
2004 3925 2069 3973 In
2115 3924 2293 3982 unico,
2338 3924 2474 3987 quod
2519 3922 2667 3971 nobis

571 4024 819 4082 superest,
862 4020 1076 4082 tragicae
1120 4019 1455 4084 inscriptionis
1494 4019 1778 4083 fragmento
1810 4033 1841 4066 a
1874 4018 2144 4068 Plutarcho
2175 4018 2359 4066 tradito
2394 4016 2664 4080 (Tbemist.

569 4126 618 4162 e.
648 4112 731 4179 5),
767 4112 1088 4175 Pbryniehus
1111 4131 1214 4165 non
1245 4121 1302 4164 nt
1317 4122 1463 4179 poeta
1495 4115 1578 4164 sed
1608 4120 1664 4163 ut
1689 4111 1830 4160 chori
1856 4112 2090 4175 magister
2123 4117 2452 4171 memoratur,
2481 4111 2663 4162 deinde

570 4222 727 4271 quum
760 4206 934 4270 primis
966 4212 1267 4271 temporibus
1304 4212 1406 4260 fere
1440 4219 1635 4273 semper
1669 4222 1798 4256 unus
1840 4207 2067 4272 idemque
2100 4207 2249 4257 fuerit
2274 4212 2421 4269 poeta
2448 4214 2495 4256 et
2522 4206 2658 4256 chori

570 4303 834 4367 magister,
881 4301 1232 4365 Aristophanis
1278 4313 1460 4363 aetate,
1506 4319 1606 4366 qua
1656 4318 1759 4350 non
1811 4316 2002 4365 semper
2052 4302 2103 4350 id
2137 4300 2378 4361 obtinuit,
2430 4312 2653 4366 poetam,

570 4398 668 4448 nisi
699 4399 839 4449 chori
871 4405 998 4449 essct
1031 4399 1287 4460 magister,
1327 4401 1466 4448 nullo
1502 4400 1738 4449 victoriae
1772 4399 1957 4447 honore
1988 4397 2199 4448 fructum
2234 4411 2364 4457 esse,
2401 4405 2599 4460 apparet
2627 4411 2655 4443 c
