3414 5176
1580 522 1668 593 27

673 746 1114 835 Chorolectes,
1180 747 1356 844 quod
1420 747 1684 821 nomine
1749 749 1988 822 saltem
2037 744 2450 845 significatur
2464 801 2481 835 ,
2533 743 2682 819 cho-

576 924 817 999 ragum
888 903 957 975 in
1031 900 1366 977 choreutis
1442 902 1831 998 colligendis
1902 902 2229 1000 adjuvisse
2294 901 2557 976 videtur
2600 899 2678 994 ι).

578 1056 729 1130 Veri
804 1055 1065 1131 videtur
1127 1055 1543 1130 simillimum
1602 1056 1769 1131 duos
1827 1058 2038 1146 viros,
2107 1058 2189 1130 de
2252 1056 2492 1154 quibus
2558 1054 2685 1129 An·

577 1208 808 1308 tiphon
856 1209 928 1287 in
977 1210 1122 1287 loco
1171 1234 1211 1283 a
1265 1210 1454 1284 nobis
1520 1211 1725 1284 citato
1788 1211 2111 1307 loquitur,
2188 1211 2537 1309 Amyniam
2605 1212 2685 1286 ab

579 1363 1014 1439 Erechthei'de
1048 1365 1224 1441 tribu
1265 1371 1563 1439 creatum
1598 1365 2013 1463 alterumque
2039 1389 2079 1439 e
2103 1365 2280 1440 tribu
2307 1364 2686 1463 Cecropide,

582 1518 986 1596 chorolectas
1034 1520 1270 1609 fuisse3
1322 1517 1499 1594 unde
1547 1519 1810 1594 efficere
1858 1521 2048 1609 licet,
2107 1543 2310 1595 suum
2360 1543 2690 1618 quamque

580 1672 827 1747 tribum
894 1699 1152 1750 creasse
1217 1673 1658 1750 chorolectam
1673 1729 1691 1762 ‚
1761 1682 1860 1748 ut.
1904 1673 2226 1771 choragos
2283 1698 2357 1749 se
2406 1673 2690 1772 singulis

581 1828 773 1901 annis
820 1831 1222 1928 excipientes
1282 1830 1689 1927 adjuvarent.

677 1981 930 2057 Nomen
970 1997 1290 2077 χοροποιοῦ
1350 1984 1547 2083 (quod
1589 1982 2031 2057 Schneiderus
2066 1984 2110 2056 l.
2140 1984 2184 2055 l.
2223 1984 2372 2079 jure
2406 1988 2697 2057 statuere

589 2133 869 2233 videtur)
916 2136 1089 2235 apud
1139 2138 1343 2212 Dores
1393 2139 1614 2235 potius
1654 2139 1983 2234 viguisse,
2033 2161 2071 2211 e
2105 2138 2303 2227 lociS,
2354 2138 2468 2212 ubi
2503 2137 2584 2210 de
2618 2159 2695 2209 eo

590 2313 805 2365 sermo
879 2298 1005 2380 est,
1074 2290 1466 2365 concludere
1515 2293 1691 2365 licet.
1762 2291 1941 2364 Idem
2009 2294 2285 2365 fortasse
2350 2292 2506 2379 fuit,
2582 2290 2695 2387 qui

599 2443 832 2519 Dorice
909 2450 1185 2534 χοροογός
1267 2468 1525 2542 quoque
1590 2445 1864 2535 dicitur,
1931 2470 2084 2520 eum
2160 2446 2304 2519 dico
2369 2447 2484 2544 qui
2549 2452 2696 2519 tum

591 2597 844 2672 Doricis
896 2598 1112 2671 choris
1153 2598 1447 2694 praeibat
1498 2602 1914 2696 (κορυφαῖος),
1965 2610 2112 2676 tum
2164 2627 2278 2676 eos
2327 2599 2698 2676 instruebat

597 2753 1156 2848 (χοροδιδάσκαλος)
1172 2809 1185 2824 .

1483 2957 1807 2974 m

1030 3161 1066 3255 ξ
1119 3161 1183 3230 6.
1265 3180 1355 3230 DE
1408 3178 1807 3233 cnoRAolAE
1857 3180 2262 3233 suup'nssns

699 3386 793 3457 Ex
844 3384 1152 3458 omnibus
1212 3384 1328 3471 iis,
1395 3408 1563 3481 quae
1608 3386 1747 3480 jam
1797 3386 2115 3476 diximus,
2169 3388 2504 3485 apparuit,
2557 3389 2708 3462 cho·

596 3542 852 3637 ragiam
928 3562 1067 3612 rem
1143 3538 1346 3612 fuisse
1406 3541 1600 3613 multi
1669 3539 1928 3612 laboris.
2030 3541 2168 3615 Nec
2216 3565 2372 3615 vero
2421 3543 2706 3618 minores

670 3835 722 3900 1)
772 3836 894 3887 vid.
938 3836 1154 3897 PolluX,
1198 3836 1313 3897 IV,
1369 3840 1481 3887 106.
1542 3837 1837 3903 Antiphon,
1889 3838 1926 3889 l.
1968 3838 2005 3889 1.
2049 3838 2324 3904 Aelianus,
2384 3841 2502 3893 hist.
2552 3842 2707 3892 anim.

599 3927 727 3993 XV,
744 3936 793 3982 5.
813 3931 995 3984 Suidas
1018 3935 1051 3984 i.
1073 3949 1124 3984 v.
1155 3932 1496 4003 χοροδέκτης
1516 3934 1596 4000 (ut
1621 3936 1896 3987 verisimile
1915 3944 2006 3998 est,
2022 3937 2308 4002 legendumz
2336 3935 2711 4005 χορολέκτης).

601 4027 831 4093 Uterque
856 4029 1040 4081 horum
1067 4032 1385 4084 choroleoten
1414 4033 1754 4098 coryphaeum
1782 4033 1935 4085 fuisse
1958 4035 2263 4086 existimant.
2293 4033 2388 4086 Cff.
2409 4032 2714 4096 Schneider,

602 4141 650 4191 p.
676 4127 768 4176 117
807 4125 970 4192 (141).
1020 4126 1266 4194 Geppert‚
1300 4130 1336 4180 1.
1366 4129 1400 4179 1.
1436 4145 1485 4193 p.
1507 4135 1621 4180 202.

673 4221 728 4287 2)
791 4221 913 4273 Vid.
977 4224 1182 4286 Pollux,
1238 4226 1274 4277 1.
1321 4226 1357 4276 1.
1424 4219 1741 4291 Xenophon,
1790 4225 2086 4290 Agesilaus,
2148 4232 2208 4288 2,
2270 4228 2346 4278 17.
2417 4228 2716 4281 Plutarchus

608 4321 960 4388 apophthegm.
997 4321 1200 4386 Lacon,
1236 4339 1284 4388 p.
1306 4329 1428 4385 208,
1468 4339 1541 4389 sq.
1580 4324 1677 4377 Cff.
1715 4323 1989 4376 Schneider
2024 4332 2071 4376 et
2103 4324 2347 4392 chpert,
2382 4326 2439 4379 11.
2473 4328 2531 4378 11.
