3414 5176
1798 542 1890 612 42

803 767 980 841 Haec
1044 770 1183 841 sola
1250 768 1680 864 choragorum
1750 777 2176 841 monumenta
2253 770 2439 842 nobis
2508 780 2890 867 supersunt,

794 925 987 1018 cujus
1036 925 1129 994 rei
1171 922 1445 995 fortasse
1487 902 1686 996 causa
1729 929 1870 996 erat
1910 923 2436 1021 magnificentia,
2489 949 2620 1020 qua
2659 930 2893 999 ceteris

800 1079 1128 1175 plerisque
1194 1078 1709 1166 antecellehant3
1780 1086 2039 1151 constat
2104 1081 2313 1164 enim,
2380 1081 2697 1153 nonnulla
2756 1084 2893 1154 sola

798 1233 1104 1305 columna
1154 1240 1272 1305 aut
1323 1241 1550 1306 ornate
1602 1234 1861 1328 sculpta
1911 1234 2049 1304 basi
2108 1235 2501 1306 constitisse.

892 1386 1261 1484 Geppertus
1306 1387 1352 1480 ¹)
1428 1387 1801 1475 contendit,
1871 1387 2192 1484 tripodem
2241 1412 2280 1459 a
2329 1387 2614 1485 chorago
2673 1413 2893 1462 conse-

797 1548 1054 1614 cratum
1105 1563 1235 1612 non
1276 1539 1480 1611 fuisse
1521 1543 1925 1635 praemium,
1969 1543 2084 1614 sed
2127 1542 2410 1637 chorago
2452 1545 2682 1616 victori
2749 1568 2895 1617 con-

799 1718 1059 1767 cessum
1109 1699 1370 1765 tantum
1421 1695 1623 1767 fuisse
1675 1697 2016 1768 victoriam
2075 1696 2402 1770 celebrare
2465 1698 2715 1796 tripode
2756 1700 2895 1770 suis

798 1848 1171 1946 sumptibus
1210 1849 1384 1922 facto
1427 1858 1623 1946 atque
1665 1851 1732 1921 in
1777 1851 1880 1922 dei
1915 1852 2228 1923 honorem
2270 1859 2683 1939 consecrato3
2728 1876 2896 1947 quae

795 2011 1019 2077 tamen
1086 2006 1415 2076 sententia
1479 2006 1617 2078 veri
1684 2028 1814 2076 non
1866 2005 2054 2078 valde
2112 2006 2348 2077 similis
2397 2007 2560 2078 mihi
2612 2006 2890 2079 videtur.

795 2159 1084 2256 Nempe,
1155 2164 1231 2229 ut
1295 2181 1442 2230 eam
1509 2158 1775 2254 probet,
1844 2162 2062 2232 locum
2129 2162 2291 2232 citat
2357 2159 2591 2256 Lysiae
2634 2161 2732 2254 ²),
2785 2160 2895 2232 uhi

797 2314 1003 2385 cliens
1052 2315 1225 2384 inter
1274 2320 1525 2384 ceteros
1575 2313 1923 2410 choragiae
1965 2320 2272 2410 sumptus
2321 2315 2521 2385 etiam
2571 2314 2896 2410 tripodem

797 2467 1087 2539 referret.
1193 2464 1321 2536 Sed
1371 2465 1496 2538 hoc
1545 2467 1632 2538 ibi
1682 2490 1816 2538 non
1868 2470 2129 2563 legitur.
2234 2468 2377 2540 Non
2428 2468 2752 2565 tripodem
2803 2469 2895 2538 in-

722 2585 724 2587 *
798 2631 898 2694 ter
964 2628 1270 2718 sumptus
1334 2621 1714 2717 choragicos
1781 2622 2015 2711 refert,
2070 2623 2184 2695 sed
2243 2623 2515 2719 tripodis
2564 2646 2898 2695 consecra-

801 2778 1086 2862 tionem,
1140 2778 1221 2848 ad
1288 2800 1525 2871 quam,
1578 2783 1654 2848 ut
1704 2777 2029 2866 vidimus,
2081 2785 2148 2848 et
2197 2778 2372 2850 basis
2421 2781 2707 2875 pertinet
2758 2784 2897 2849 arte

798 2933 972 3005 facta
1024 2937 1091 3001 et
1139 2930 1308 3002 festa
1358 2954 1616 3026 quoque
1668 2932 1810 3002 sine
1860 2932 2057 3004 dubio
2110 2956 2184 3005 ac
2215 2901 2571 3005 'sollemnis
2621 2934 2688 3002 in
2757 2931 2897 3002 basi

797 3084 1143 3159 collocatio
1192 3086 1262 3156 in
1310 3086 1418 3157 dei
1470 3085 1784 3157 honorem
1843 3087 2213 3180 (ἀνάθεσις).
2318 3087 2453 3158 Hoc
2488 3092 2708 3157 tamen
2751 3108 2899 3157 con-

798 3248 969 3330 stat,
1018 3242 1340 3335 choragos
1379 3239 1714 3313 interdurn
1755 3263 1886 3311 non
1919 3241 2242 3337 tripodem
2285 3264 2738 3328 consecrasse,
2783 3242 2898 3312 sed

797 3397 1085 3468 minores
1176 3396 1367 3491 pretii
1460 3417 1603 3481 reS,
1687 3418 1743 3464 e.
1818 3418 1880 3488 g.
1959 3397 2246 3467 taeniam
2270 3452 2285 3482 ,
2364 3398 2418 3467 si
2486 3420 2623 3466 rem
2700 3359 2916 3489 parvo·

799 3558 1069 3648 sumptu
1137 3550 1499 3626 absolvere
1535 3548 1843 3620 volebant
1884 3549 1961 3641 ³).
2064 3550 2135 3620 In
2185 3550 2457 3623 victoria
2507 3548 2741 3619 saltem
2799 3572 2900 3621 co-

801 3703 974 3776 mica
1046 3707 1465 3778 consuevisse
1532 3704 1839 3777 videntur
1904 3703 2171 3799 choragi
2248 3704 2383 3776 ludi
2459 3705 2899 3775 instrumenta

876 4030 928 4097 l)
959 4028 1083 4080 vid.
1117 4026 1360 4095 Geppert‚
1397 4031 1431 4079 1.
1460 4031 1524 4090 1.,
1558 4045 1607 4094 p.
1628 4034 1751 4090 286,
1787 4030 1884 4095 (l).

873 4126 927 4193 2)
962 4127 1083 4179 Vid.
1117 4128 1304 4193 Lysiae
1336 4127 1605 4193 ἀπολογία
1641 4127 2007 4195 δωροδοκίας,
2035 4146 2083 4194 p.
2104 4135 2217 4181 698.

874 4225 928 4290 3)
963 4224 1081 4275 vid.
1120 4225 1373 4291 Theophr.
1420 4227 1647 4278 charact.
1694 4226 1827 4292 περὶ
1872 4226 2295 4296 ἀνελευθερίας,
2330 4246 2376 4293 p.
2397 4236 2476 4283 62.
2516 4231 2648 4282 Edit.
2687 4229 2897 4281 Casaub.

803 4318 887 4373 Cf.
928 4321 1169 4387 Geppert,
1207 4326 1243 4375 l.
1273 4326 1308 4376 1.
1344 4342 1392 4389 p.
1412 4328 1525 4376 267.
