3414 5176
1751 572 1843 641 84

748 806 846 876 cis
918 810 1131 873 tamen
1203 800 1556 871 nonnullae
1622 798 2013 893 discrepant.
2121 796 2240 867 Hic
2308 803 2566 870 tantum
2636 800 2715 869 de
2766 800 2846 868 iis

753 969 1066 1053 agemuS,
1118 976 1286 1050 quae
1336 953 1707 1048 pertineant
1760 952 1840 1023 ad
1881 952 2342 1047 quaestionem
2393 960 2707 1025 nostram.

845 1111 1025 1184 Duas
1073 1109 1260 1181 nobis
1301 1105 1696 1180 Plutarchus
1738 1106 2007 1177 tradidit
2057 1105 2440 1203 choragicas
2480 1106 2845 1203 inscriptio-

751 1288 905 1351 neS‚
976 1286 1255 1359 quarum
1308 1262 1545 1347 altera,
1614 1262 1680 1331 in
1751 1262 1887 1332 vita
1953 1260 2295 1349 Aristidis,
2339 1239 2422 1333 c.
2471 1261 2553 1348 1,
2619 1262 2713 1333 ita
2773 1283 2843 1330 se

744 1417 979 1489 habet:
1036 1424 1241 1499 »νίκης
1282 1418 1677 1499 ἀναθήματα
1717 1421 2081 1503 χορηγικοὺς
2124 1421 2416 1505 τρίποδας
2455 1422 2516 1487 ἐν
2555 1420 2844 1488 Διονύσον

738 1570 1074 1638 κατέλιπεν
1095 1619 1115 1650 ,
1163 1561 1218 1636 οἳ
1255 1567 1360 1633 καὶ
1400 1564 1555 1633 καθ’
1591 1569 1759 1648 ἡμᾶς
1797 1559 2169 1649 ἐδείκνυντο)
2220 1570 2577 1652 ἐπιγραφὴν
2624 1570 2841 1635 διασώ-

738 1723 944 1806 ζοντες
968 1744 982 1760 ·
1032 1721 1342 1802 Ἀντιοχὶς
1389 1720 1595 1797 ἐνίκα,
1644 1720 2019 1802 Ἀριστείδης
2065 1722 2393 1804 ἐχορήγει,
2457 1722 2842 1804 Ἀρχέστρα-

647 1906 656 1915 ·
739 1900 845 1949 τος
896 1873 1297 1954 ἐδίδασκενᾞ
1355 1868 1559 1940 altera
1626 1868 1694 1939 in
1749 1866 2216 1942 Themistoclis
2282 1870 2420 1941 vita
2497 1892 2554 1940 c.
2612 1869 2657 1938 5
2709 1870 2835 1940 sic:

740 2030 1030 2106 »ἐνίκησε
1091 2029 1153 2094 δὲ
1211 2029 1316 2093 καὶ
1361 2031 1643 2112 χορηγῶν
1700 2030 2035 2112 τραγῳδοῖς
2081 2030 2185 2096 καὶ
2235 2031 2470 2098 πίνακα
2515 2038 2628 2106 τῆς
2676 2029 2837 2102 νίκης

731 2183 1022 2261 ἀνέθηκε,
1056 2181 1343 2258 τοιαύτην
1378 2182 1733 2267 ἐπιγραφὴν
1772 2181 2002 2266 ἔχοντα
2024 2205 2039 2221 ·
2069 2184 2501 2264 Θεμιστοκλῆς
2526 2182 2837 2265 Φρεάρριος

737 2339 1061 2421 ἐχορήγει,
1112 2335 1403 2420 Φρύνιχος
1452 2334 1794 2414 ἐδίδασκεν,
1843 2336 2246 2417 Ἀδείμαντος
2294 2334 2552 2421 ἦρχεν.”

831 2484 964 2556 Has
1020 2482 1487 2579 ‚inscriptiones
1555 2480 1610 2552 si
1685 2489 2113 2555 monumento
2204 2484 2551 2578 choragico
2636 2506 2832 2579 supra

735 2641 932 2711 allato
964 2696 979 2727 ,
1055 2638 1242 2734 quasi
1324 2634 1559 2708 talium
1635 2644 2213 2710 monumentorum
2279 2660 2585 2724 normae,
2663 2662 2835 2711 com·

733 2817 1079 2889 paramuS,
1170 2815 1282 2864 eas
1370 2791 1664 2885 integras
1756 2814 1886 2862 non
1978 2814 2123 2864 esse
2207 2792 2431 2864 statim
2524 2799 2830 2888 apparet,

732 2971 938 3043 quum
1008 2950 1072 3019 in
1142 2947 1354 3042 priore
1419 2967 1633 3039 neque
1684 2943 1927 3016 archon
1977 2952 2567 3034 commemoretur,
2617 2971 2831 3043 neque

734 3102 798 3172 in
868 3126 998 3198 quo
1071 3099 1451 3174 certaminis
1517 3122 1760 3194 genere
1836 3097 2176 3170 Antiochis
2242 3101 2511 3188 vicerit,
2587 3102 2679 3172 ita
2757 3109 2830 3173 ut

731 3263 956 3327 utrum
1008 3257 1349 3328 dramatici
1401 3278 1485 3325 an
1538 3254 1707 3326 alius
1757 3254 2137 3324 certaminis
2187 3255 2274 3325 sit
2325 3263 2826 3327 monumentum

730 3435 993 3506 prorsus
1088 3413 1501 3506 ignoremus3
1572 3398 1662 3478 ⁴in
1757 3408 2112 3501 posteriore
2189 3432 2379 3496 vero,
2471 3433 2637 3504 quae
2719 3402 2828 3480 tri·

724 3565 849 3636 hus
924 3567 1262 3638 victoriam
1358 3562 1741 3660 reportarit,
1837 3584 1965 3632 non
2067 3563 2374 3634 afferatur
2443 3562 2516 3657 ¹).
2646 3563 2826 3635 Hanc

682 3921 686 3925 ,
796 3862 847 3926 l)
883 3862 1052 3913 Julius
1086 3863 1290 3915 Richter
1321 3863 1470 3926 hujus
1499 3859 1835 3924 inscriptionis
1868 3859 2068 3910 initium
2110 3861 2161 3910 in
2190 3861 2323 3911 hunc
2357 3862 2563 3911 modum
2597 3863 2821 3928 supplen-

722 3959 840 4012 dum
877 3959 1035 4009 ducit:

1281 4039 1522 4109 Λεοντὶς
1554 4048 1864 4119 τραγῳδοῖς
1892 4048 2064 4101 ἐνίκα.

1275 4147 1650 4212 Θεμιστοκλῆς
1682 4144 1981 4212 Φρεάρριος
2014 4145 2281 4212 ἐχορήγει,

1281 4243 1553 4314 Φρύνιχος
1590 4243 1906 4292 ἐδίδασκεν.

1279 4340 1657 4401 Ἀδείμαντος
1693 4325 1879 4405 ἦρχεν.
