3414 5176
1732 576 1869 648 106

746 812 967 903 partes
1015 825 1232 900 neque
1283 802 1353 876 in
1404 803 1894 890 cmumissione,
1957 825 2170 899 neque
2203 790 2289 874 'i‘n
2344 805 2650 895 victoria,
2698 807 2859 897 nisi,

741 959 918 1057 quod
1013 958 1222 1055 vulgo
1297 955 1676 1045 obtinebat,
1775 957 1950 1030 idem
2034 957 2410 1032 didascalus
2483 969 2693 1050 esset,
2772 931 2854 1033 'et

738 1136 871 1188 non
931 1113 1236 1211 quidem,
1304 1111 1479 1208 quod
1543 1111 1915 1186 Boeckhius
1989 1116 2182 1207 putat
2196 1167 2214 1200 ‚
2280 1111 2678 1188 histrionum
2748 1138 2853 1189 so-

739 1269 956 1342 lorum
1011 1274 1418 1365 praeceptor,
1484 1268 1600 1341 sed
1661 1266 1848 1343 chori
1912 1268 2252 1363 magister,
2312 1270 2429 1342 eui
2474 1275 2549 1340 et
2598 1268 2858 1342 histrio·

735 1447 856 1497 nes
906 1428 975 1495 et
1017 1421 1372 1495 choreutas
1420 1420 1695 1496 docendi
1747 1444 1993 1495 munus
2038 1422 2245 1497 fuisse
2293 1423 2573 1498 videtur.

833 1576 1021 1663 Quae
1070 1575 1128 1647 si
1177 1598 1330 1648 vera
1380 1582 1559 1663 sunt,
1611 1599 1774 1647 num
1825 1575 2134 1650 credibile
2172 1585 2298 1665 est,
2349 1582 2581 1675 poetae
2631 1578 2713 1650 ab
2753 1601 2852 1650 ar-

734 1729 977 1803 chonte
1017 1728 1403 1825 adjunctum
1442 1751 1588 1803 esse
1601 1730 1654 1823 ²¹)
1710 1751 1794 1802 ac
1832 1729 2139 1803 serviisse
2182 1732 2547 1827 choragum
2588 1755 2630 1803 a
2669 1732 2844 1805 tribu

728 1890 1050 1972 creatum,
1118 1888 1195 1956 ut
1244 1905 1431 1955 sacro
1488 1889 1822 1980 praeesset
1883 1882 1987 1954 dei
2046 1883 2237 1971 festo,
2299 1909 2382 1956 an
2440 1888 2844 1959 eontrarium

723 2040 944 2138 potius
989 2037 1396 2111 obtinuisse?
1423 2037 1501 2132 ²).

810 2192 1121 2267 Secunda
1161 2194 1374 2290 posita
1401 2192 1809 2289 quaestione:
1857 2190 2093 2264 Utrum
2124 2192 2418 2288 chor-agi·
2441 2217 2598 2267 cura
2638 2200 2840 2287 atque

729 2349 1089 2427 auotoritas
1152 2347 1238 2421 ad
1283 2346 1561 2421 chorum
1612 2347 1830 2417 solum
1879 2367 1964 2416 an
2012 2347 2098 2416 ad
2149 2348 2527 2420 universam
2576 2345 2837 2420 fabulae

801 2667 855 2733 1)
909 2668 1033 2719 vid.
1062 2654 1310 2728 Βόκκι»,
1344 2667 1455 2728 1.1.,
1482 2682 1533 2731 p.
1560 2670 1684 2717 ⁶022
1724 2666 1855 2718 -Die
1886 2681 1986 2717 von
2014 2668 2113 2717 den
2143 2666 2404 2718 stammam
2428 2666 2691 2732 gestantem
2708 2664 2842 2720 cho-

735 2778 888 2830 regen
922 2765 1128 2814 wurden
1165 2779 1284 2815 vom
1331 2763 1541 2815 Archon
1574 2764 1672 2812 den
1699 2762 1945 2813 Dichtern
1978 2764 2277 2827 zugetheilt‚
2310 2762 2525 2813 welches
2555 2776 2674 2814 man
2716 2760 2843 2813 Ghor

725 2860 874 2925 yeben
903 2859 1116 2911 nennt''.

786 2958 850 3025 2)
897 2958 1147 3023 Equidem
1171 2958 1247 3013 rei
1280 2964 1489 3012 natm-ae
1518 2956 1681 3023 megia
1704 2963 2095 3009 consentaneum
2126 2958 2279 3016 duco,
2313 2972 2416 3006 11011
2446 2957 2690 3022 chor-agos
2722 2972 2836 3023 poe·

724 3055 809 3117 tis,
839 3061 1013 3120 poetas
1044 3070 1166 3106 vero
1197 3054 1426 3120 choi-agis
1457 3053 1612 3106 fuisse
1643 3053 1922 3120 adjunctos.
1956 3054 2141 3104 Verbis
2173 3052 2326 3114 enim,
2352 3067 2482 3117 quae
2507 3052 2688 3105 Graeci
2703 3056 2850 3120 scrip·

725 3159 858 3205 tores
900 3152 997 3204 huc
1035 3154 1091 3204 in
1132 3167 1188 3205 re
1230 3166 1472 3219 usurpare
1508 3152 1698 3204 solent:
1750 3151 2010 3218 amentor,
2037 3148 2291 3213 διδόναι,
2329 3149 2638 3214 λαμβάνειν
2669 3150 2836 3220 χορόν

726 3263 987 3318 perperam
1035 3266 1097 3304 ea
1141 3252 1374 3304 tribuitur
1418 3251 1745 3322 significatio,
1795 3251 1937 3318 quasi
1977 3250 2158 3303 chorus
2200 3265 2316 3302 011111
2346 3250 2565 3317 chorago
2596 3267 2716 3314 suo,
2748 3258 2835 3304 aut

724 3347 890 3412 potius
920 3349 1164 3413 choragiis
1177 3386 1191 3408 ,
1226 3349 1306 3399 cui
1338 3348 1520 3399 chorus
1547 3348 1859 3412 colligendus
1885 3354 2017 3410 erat,
2059 3353 2234 3413 poetae
2265 3348 2643 3413 adjungeretur,
2675 3364 2831 3415 quum

715 3450 915 3498 tantum
957 3445 1238 3511 significa-e
1279 3445 1564 3509 videantur,
1601 3452 1779 3510 poetae
1823 3452 1912 3496 aut
1950 3446 2117 3511 potius
2159 3446 2410 3497 didascalo
2450 3447 2659 3497 chorum
2689 3446 2829 3496 insti-

719 3542 962 3593 tuendum
993 3542 1116 3594 fore.
1185 3542 1453 3606 Quomodo
1499 3555 1620 3593 vero
1654 3542 1791 3591 hunc
1820 3541 2032 3592 chorum
2063 3542 2478 3593 nanciscebatur?
2545 3542 2703 3592 Nullo
2733 3541 2830 3592 1100

722 3639 932 3692 docente
974 3646 1202 3691 veterum
1246 3640 1385 3700 loeo,
1431 3637 1640 3691 fortasse
1681 3653 1750 3690 ex
1790 3639 1853 3690 iis
1866 3676 1881 3700 ‚
1913 3654 2043 3706 quae
2074 3641 2129 3692 in
2164 3640 2395 3692 Midiana
2419 3639 2731 3704 reperiuntur
2763 3640 2827 3689 de

723 3736 937 3797 rationo,
960 3751 1062 3801 que
1089 3737 1147 3790 in
1179 3737 1406 3790 euleticis
1438 3737 1604 3790 choris
1634 3737 1821 3792 tibicen
1848 3739 2219 3792 nancisceretur
2236 3739 2473 3798 chorum,
2499 3736 2690 3802 aliquid
2713 3750 2829 3787 con-

715 3833 966 3895 ficiemus,
993 3833 1240 3898 siquidem
1270 3841 1488 3888 statuere
1528 3834 1671 3896 licet,
1713 3836 1810 3887 hec
1853 3836 1908 3886 in
1950 3850 2008 3887 re
2048 3836 2181 3888 inter
2223 3836 2440 3886 auletam
2472 3834 2527 3885 in
2558 3834 2820 3886 tibicinum

715 3932 881 3983 choris
925 3936 976 3982 et
1008 3929 1273 3981 chororum
1315 3930 1702 3982 dramaticorum
1745 3937 2115 3997 praeceptorem
2158 3931 2538 3983 similitudinem
2570 3932 2823 4000 quandam

721 4030 1015 4082 obtinuisse.
1084 4027 1236 4092 Quod
1269 4028 1334 4078 ad
1367 4027 1585 4083 auletam
1611 4029 1818 4089 attinet,
1850 4028 2214 4081 Demosthenes
2239 4033 2409 4078 narrat
2438 4028 2504 4093 (c.
2524 4028 2654 4079 Mid.
2682 4031 2712 4092 ξ
2735 4033 2792 4078 13
2807 4067 2819 4088 ‚

716 4141 765 4190 p.
794 4126 936 4193 519),
960 4127 1248 4177 archontem
1283 4125 1525 4190 choragos
1556 4128 1620 4177 ad
1655 4126 1838 4178 festum
1870 4126 2023 4176 lectos
2057 4126 2108 4175 in
2143 4123 2357 4175 comitiis
2392 4125 2556 4175 sortiri
2581 4124 2789 4189 jussisse
2802 4165 2813 4184 ,

709 4223 821 4288 quis
848 4224 1036 4289 primus
1070 4225 1286 4276 auletam
1314 4223 1480 4282 suum„
1495 4224 1725 4289 eligeret,
1764 4224 1873 4290 quis
1907 4223 2112 4285 deinde,
2150 4229 2198 4274 et
2246 4223 2313 4274 ita
2357 4238 2518 4286 poi-rc.
2585 4223 2815 4274 Fortasse
