3414 5176
1579 507 1671 578 25

569 736 979 822 destinatuS,
1055 754 1216 805 usus
1283 737 1424 803 erat
1452 733 1532 828 ¹).
1610 732 1807 819 Aliis,
1859 733 2097 827 quibus
2148 734 2403 808 nullum
2457 739 2522 810 in
2577 742 2686 814 do·

570 896 792 972 mibus
850 893 933 966 ad
989 892 1164 966 hanc
1211 915 1354 964 rem
1404 897 1634 990 aptum
1683 898 1860 965 esset
1910 893 2241 983 conclave,
2295 896 2489 972 aedes
2533 925 2683 975 con·
2751 880 2758 887 ⁹

578 1056 914 1130 ducendae
990 1059 1181 1126 erant
1197 1108 1215 1142 ‚
1274 1053 1503 1148 quales
1551 1054 1621 1124 in
1671 1052 1930 1126 Melites
1976 1055 2125 1128 vico
2173 1077 2685 1136 commemoran-

576 1224 708 1307 tur,
736 1218 980 1313 quibus
1021 1215 1105 1287 ad
1145 1213 1378 1287 choros
1419 1214 1874 1287 exercitandos
1916 1216 2273 1289 utebantur
2313 1218 2582 1317 choragi
2601 1225 2680 1318 ²).

672 1380 747 1450 In
780 1379 926 1475 ipsa
958 1375 1240 1472 denique
1275 1376 1736 1450 commissione
1768 1374 2098 1471 choragus
2133 1386 2442 1476 sumptus
2474 1380 2687 1455 facere

580 1540 857 1613 debebat
906 1538 1225 1611 maximos
1273 1540 1345 1610 in
1379 1537 1561 1611 chori
1596 1536 1897 1610 habitum
1939 1537 2302 1627 scenicum,
2360 1540 2432 1613 in
2465 1543 2687 1640 sump-

576 1700 1026 1773 tuosissimam
1078 1703 1328 1772 vestem
1379 1706 1578 1795 atque
1626 1704 2045 1785 ornamenta,
2087 1698 2329 1793 quihus
2363 1700 2576 1775 induti
2618 1713 2687 1776 et

575 1862 818 1935 chorus
866 1867 936 1931 et
984 1860 1127 1955 ipse
1176 1859 1504 1956 choragus
1547 1861 1716 1935 festo
1766 1861 1873 1933 die
1912 1859 1983 1930 in
2033 1858 2438 1933 orchestram
2479 1864 2688 1960 prodi-

578 2024 762 2095 bant.
836 2021 1053 2106 Quam
1088 2026 1475 2116 sumptuose
1509 2020 1676 2093 haec
1718 2044 1758 2092 a
1793 2019 2175 2094 liberalibus
2210 2019 2515 2118 choragis
2548 2046 2690 2120 pro·-

524 2217 532 2226 ·
585 2185 1006 2267 curarentur,
1057 2202 1177 2251 nos
1228 2177 1466 2251 docent
1513 2204 1615 2269 ea,
1684 2204 1853 2276 quae
1904 2180 2379 2255 Demosthenes
2427 2184 2497 2254 in
2540 2181 2689 2257 cho·

583 2367 734 2415 rum
784 2364 983 2412 suum
1025 2362 1096 2409 se
1138 2338 1536 2434 impendisse
1571 2347 1816 2428 narrat,
1859 2343 2098 2438 quippe
2134 2344 2245 2437 qui
2288 2344 2409 2415 sibi
2452 2343 2576 2438 ipsi
2620 2349 2688 2412 et

585 2501 918 2575 choreutis
967 2520 1200 2580 aureas
1250 2498 1580 2570 faciendas
1631 2502 1960 2573 curaverit
2009 2523 2279 2575 coronas
2306 2505 2385 2600 ⁸).

712 2854 750 2947 Ξ
801 2851 867 2922 5.
938 2869 1027 2920 DE
1078 2867 1377 2922 cnonAoi
1430 2869 1728 2923 vanus
1778 2869 2008 2934 Arous
2057 2871 2546 2929 ADJUTORIBUS.

678 3076 1069 3172 Choragiam
1144 3076 1411 3149 omnino
1487 3075 1692 3147 fuisse
1765 3100 1906 3149 rem
1974 3079 2433 3171 gravissimam
2493 3087 2691 3177 atque

584 3238 773 3312 valde
806 3259 1174 3332 operosam,
1226 3236 1380 3307 inde
1420 3234 1590 3307 effici
1626 3239 1874 3330 potest,
1927 3237 2101 3333 quod
2144 3238 2427 3336 chorago
2469 3242 2692 3340 plures

586 3398 873 3495 adjuncti
949 3403 1159 3483 erant,
1235 3395 1346 3491 qui
1423 3396 1481 3466 ei
1558 3396 1627 3466 in
1701 3420 1974 3469 munere
2041 3400 2327 3494 gerendo
2387 3403 2693 3475 adessent

579 3561 870 3655 ejusque*
902 3553 1190 3626 absentis
1231 3552 1447 3624 locum
1491 3559 1810 3623 tenerent.
1866 3553 1963 3626 lta
1998 3555 2418 3651 Antiphontis
2443 3561 2692 3652 clienti,

656 3892 707 3957 1)
744 3894 849 3944 Vd.
881 3894 1178 3961 Antiphon.
1214 3895 1302 3946 1.1.

655 3989 710 4053 2)
743 3988 1044 4054 Hesychius.
1077 4008 1127 4043 v.
1161 3990 1478 4041 Mean-nav·
1507 3982 1679 4060 οἶκος,
1710 3974 1832 4058 {rt}
1865 3992 2161 4053 ἐμελέτουν
2203 3996 2256 4044 οἱ
2293 3997 2589 4064 τραγῳδοί.

652 4086 709 4149 3)
748 4086 884 4135 Vdd.
919 4089 1179 4140 Demosth.
1211 4091 1339 4141 Mid.
1366 4106 1416 4156 p.
1450 4095 1547 4140 519
1581 4106 1688 4156 sqq.
1722 4089 2042 4154 Antiphanes
2074 4095 2204 4157 apud
2238 4094 2558 4147 Athenaeum
2573 4098 2690 4158 111,

581 4201 630 4249 p.
689 4188 778 4233 103
826 4199 901 4247 sq.
950 4186 1067 4251 Ulp.
1113 4190 1176 4239 ad
1227 4189 1425 4253 Leptin.
1486 4191 1515 4250 ἓ
1561 4194 1639 4238 24.
1690 4187 1768 4240 Cf.
1808 4188 2060 4239 Hei-aldus
2094 4190 2182 4239 1.1.
2220 4195 2266 4240 5.
2302 4191 2594 4257 Schneider,
2641 4212 2687 4261 p.

587 4287 678 4330 119
716 4280 881 4347 (143).
