3414 5176
1592 564 1679 636 '75

703 790 1001 866 Dubitari
1066 792 1271 886 igitur
1338 792 1447 863 vix
1504 796 1761 885 potest,
1812 790 1971 887 quin
2020 789 2287 887 choragi
2338 791 2694 866 auctoritas

605 954 812 1049 etiam
878 953 958 1024 ad
1017 952 1232 1048 ipsam
1282 950 1572 1024 fabulam
1623 950 1950 1047 agendam
1998 951 2393 1048 pertineret,
2444 976 2575 1048 qua
2620 972 2693 1025 re

608 1112 893 1186 concidit
932 1112 1247 1185 Boeckhii
1288 1111 1617 1184 sententia
1639 1168 1656 1200 ,
1705 1113 1768 1184 ei
1818 1134 1973 1185 cum
2022 1109 2417 1185 histrionum
2456 1114 2698 1187 exerci-

607 1274 855 1347 tatione
885 1273 1053 1346 nihil
1088 1296 1437 1346 commune
1478 1271 1700 1346 fuisse.
1773 1271 2017 1343 Verum
2051 1277 2308 1360 tamen,
2350 1270 2533 1346 hisce
2561 1273 2695 1369 jam

609 1436 865 1523 missiS,
902 1435 1112 1532 ipsam
1162 1434 1624 1531 aggrediamur
1670 1432 2075 1528 quaestionis
2124 1455 2475 1506 summam.

704 1596 872 1667 Nam
937 1617 1207 1668 necesse
1266 1601 1404 1684 est,
1481 1592 1887 1666 Boeckhium
1956 1597 2397 1681 statuentem,
2473 1594 2695 1666 chora-

605 1780 766 1852 gum
816 1778 1083 1828 curasse
1150 1778 1227 1827 ea
1294 1778 1464 1851 quae
1530 1754 1612 1826 ad
1662 1753 1937 1826 chorum
1986 1753 2422 1850 pertinerent,
2472 1754 2695 1827 civita·

603 1923 741 1987 tem
788 1938 943 1989 vero
993 1939 1073 1987 ea
1125 1940 1297 2011 quae
1346 1916 1755 2011 pertinerent
1803 1913 1885 1984 ad
1934 1914 2147 2009 ipsam
2196 1912 2524 2001 fabulam,
2566 1913 2696 1985 his-

608 2075 855 2146 triones
947 2098 986 2145 a
1060 2082 1285 2169 poeta,
1362 2074 1712 2146 choreutas
1785 2096 1940 2146 vero
2014 2096 2051 2146 a
2125 2071 2306 2146 chori
2381 2073 2696 2169 magistro

608 2235 949 2306 institutos
1011 2257 1090 2305 ac
1158 2233 1382 2305 doctos
1441 2257 1588 2305 esse
1611 2288 1626 2319 ,
1677 2256 1756 2304 eo
1804 2232 1989 2321 duci,
2042 2239 2120 2306 ut
2168 2233 2442 2307 chorum
2484 2239 2560 2306 'et
2609 2233 2697 2306 fa·

610 2391 836 2464 hulam
901 2394 1096 2489 plane
1166 2417 1203 2465 a
1280 2418 1352 2465 se
1418 2395 1702 2468 invicem
1768 2394 2066 2489 sejuncta
2125 2394 2329 2468 fuisse
2395 2394 2693 2492 accipiat.

611 2551 839 2624 Nonne
898 2576 1054 2626 vero
1122 2554 1274 2625 talis
1340 2556 1559 2651 opinio
1624 2579 1891 2652 prorsus
1959 2556 2039 2629 ab
2105 2559 2247 2654 ipsa
2313 2556 2409 2627 rei
2460 2561 2698 2628 natura

609 2714 860 2784 aliena?
937 2714 1031 2784 Ex
1082 2721 1305 2786 nostra
1356 2716 1623 2810 quidem
1674 2718 2006 2789 sententia
2047 2724 2115 2789 et
2153 2715 2468 2788 dramatis
2509 2722 2697 2789 natu-

601 2895 743 2961 rae,
814 2876 1027 2970 qualis
1087 2898 1165 2946 ex
1216 2877 1469 2971 origine
1521 2876 1694 2950 facta
1747 2885 1882 2965 est,
1935 2886 2003 2950 et
2052 2901 2250 2951 sanae
2301 2878 2537 2949 rationi
2589 2878 2696 2949 ad-

601 3041 922 3144 versatur.

700 3192 753 3261 E
804 3192 1002 3262 choro
1067 3193 1294 3263 drama
1353 3193 1669 3281 effloruit,
1721 3195 1961 3268 chorus
2012 3204 2079 3267 et
2129 3196 2429 3291 dialogus
2478 3201 2692 3267 totum

604 3353 993 3425 continuum
1035 3351 1365 3424 efficiunt:
1419 3353 1657 3426 chorus
1709 3355 1950 3453 dialogi
2002 3360 2330 3454 particeps
2368 3379 2693 3430 nonnum-

602 3537 798 3609 quam
849 3513 955 3601 fit,
1024 3513 1376 3587 histriones
1436 3516 1657 3612 lyricis
1725 3518 2058 3602 interdum
2123 3523 2403 3590 utuntur
2459 3516 2689 3589 modis.

604 3674 929 3746 Dramatis
955 3675 1160 3770 igitur
1209 3684 1485 3749 naturae
1536 3679 1865 3750 adversari
1904 3678 2200 3767 videtur,
2252 3683 2472 3774 partes
2496 3678 2693 3750 dialo-

608 3834 788 3929 gicas
838 3842 904 3905 et
952 3839 1190 3932 lyricas
1242 3840 1354 3909 illa
1404 3840 1653 3912 ratione
1704 3840 2034 3915 divellere.

702 3994 950 4065 Deinde
1015 4001 1335 4093 quomodo
1401 4000 1770 4074 Boeckhius
1845 4002 1967 4072 sibi
2033 4000 2329 4085 finxerit,
2406 4021 2544 4068 rem
2623 4019 2693 4067 se

605 4154 949 4246 habuisse,
1005 4159 1056 4226 si
1125 4161 1329 4254 ipsius
1396 4163 1772 4257 conjectura
1840 4185 1989 4233 vera
2053 4167 2259 4246 esset,
2322 4180 2449 4227 non
2502 4156 2690 4230 facile

607 4318 837 4412 aliquis
907 4325 1307 4413 assequatur.
1413 4322 1645 4394 Utrum
1714 4348 1770 4394 e.
1829 4347 1890 4416 g.
1964 4321 2357 4394 existimavit
2435 4326 2691 4416 poetam
