3414 5176
1735 609 1828 679 30

732 836 1033 923 tendenS,
1060 834 1370 906 clientem
1397 856 1594 907 suum
1620 835 1989 907 secundum
2017 835 2233 931 legem
2258 857 2343 908 ne
2366 841 2671 933 quartam
2695 837 2835 933 qui·

730 995 880 1069 dem
906 1002 1160 1093 partem
1185 1016 1436 1084 eorum,
1464 1018 1633 1092 quae
1658 995 2119 1092 praestitisset,
2146 1003 2479 1093 praestare
2505 996 2827 1071 debuisse.

730 1154 801 1228 Si
867 1178 1059 1253 porro
1115 1162 1501 1253 reputamus
1550 1157 1935 1245 nobiscum,
1987 1157 2058 1228 in
2107 1180 2344 1232 novem
2409 1157 2593 1230 hisce
2642 1160 2833 1231 annis

658 1381 662 1385 .
726 1317 931 1390 fuisse
980 1338 1189 1390 annos
1239 1316 1612 1413 gravissimi
1653 1317 1808 1390 belli
1849 1323 1918 1388 et
1968 1319 2150 1413 pacis
2193 1341 2398 1391 annos
2445 1316 2552 1392 vel
2592 1318 2835 1391 infaus-

725 1479 926 1550 tiores
984 1476 1190 1550 fuisse
1240 1478 1431 1549 annis
1480 1477 1652 1550 bello
1702 1449 1999 1566 infestis,
2052 1478 2146 1551 ita
2196 1485 2271 1551 ut
2321 1478 2578 1551 duobus
2626 1485 2835 1552 extra·

724 1637 1069 1711 ordinariis
1173 1637 1440 1710 tributis
1551 1639 1914 1738 (εἰσφοραῖς)
2033 1661 2199 1736 opus
2290 1639 2525 1713 fuisset
2547 1696 2563 1729 ,
2665 1664 2834 1739 quae

727 1799 992 1895 singula
1042 1803 1143 1869 ter
1199 1798 1488 1870 millenis
1531 1798 1667 1872 fere
1717 1802 1982 1874 florenis
2033 1802 2497 1891 constiterant,
2561 1803 2836 1875 fortasse

725 1980 868 2032 rem
925 1980 1058 2032 non
1124 1978 1608 2054 exaggeramus
1658 1968 2070 2052 statuenteS‚
2140 1963 2485 2035 ordinariis
2533 1962 2839 2060 tempori-

725 2121 852 2194 bus
899 2141 1136 2195 novem
1195 2140 1517 2193 annorum
1577 2121 1884 2219 liturgias
1926 2131 2208 2222 quatuor
2249 2125 2534 2196 millium
2577 2124 2839 2221 circiter

728 2283 932 2356 fuisse
980 2282 1400 2370 florenorum,
1435 2280 1501 2352 h.
1539 2305 1596 2355 e.
1626 2286 1849 2380 paullo
1884 2287 2166 2382 amplius
2192 2284 2631 2383 quadragenis
2655 2283 2841 2355 flore·

729 2442 834 2514 nis
884 2443 1141 2514 annuis.

826 2602 956 2688 Qui
992 2608 1323 2699 sumptuS,
1360 2602 1416 2673 si
1443 2601 1779 2692 Boeokhii‚
1816 2605 1928 2700 qui
1957 2627 2069 2676 eos
2094 2606 2199 2678 vel
2226 2604 2437 2701 pluris
2464 2625 2667 2700 quam
2695 2626 2838 2700 sep-

726 2762 1019 2856 tingenis
1043 2763 1311 2833 florenis
1343 2763 1583 2833 annuis
1619 2763 1945 2852 aestimat,
1973 2764 2315 2857 ingeniosa
2343 2763 2835 2860 computatione

728 2918 1192 2993 confidendum
1236 2927 1368 3008 est,
1412 2920 1643 2992 ecdem
1695 2920 2007 3010 redeunt,
2054 2923 2189 2993 acsi
2224 2928 2449 2994 nostra
2494 2928 2711 2995 aetate
2752 2923 2841 2994 ci-

730 3080 831 3152 vis
896 3078 1182 3178 amplius
1243 3077 1373 3149 duo
1440 3080 1648 3151 millia
1689 3079 2085 3152 florenorum
2140 3103 2179 3151 a
2230 3104 2299 3151 re
2351 3080 2612 3177 publica
2661 3081 2831 3152 dono

733 3209 1092 3331 acciperet,
1144 3237 1395 3308 ratione
1436 3237 1662 3309 habita
1697 3239 1923 3333 magni
1958 3239 2026 3309 in
2061 3242 2381 3335 pecuniae
2407 3241 2616 3336 pretio
2644 3246 2841 3336 atque

732 3395 912 3467 omni
996 3394 1173 3468 vitae
1256 3395 1505 3466 ratione
1587 3395 1985 3469 discriminis
2050 3400 2236 3471 nobis
2321 3424 2476 3472 cum
2551 3398 2841 3493 antiquis

735 3553 1221 3627 intercedentis,

834 3712 1076 3807 Negari
1141 3717 1363 3782 tamen
1431 3737 1562 3786 non
1628 3722 1878 3813 potest,
1947 3716 2235 3812 liturgiis
2302 3716 2663 3788 multorum
2736 3738 2843 3788 res

739 3869 1097 3944 familiares
1137 3872 1596 3964 pessumdatas
1638 3874 1874 3963 fuisse,
1927 3876 1982 3946 si
2026 3873 2317 3969 quande,
2369 3874 2543 3970 quod
2578 3874 2841 3971 saepius

739 4030 969 4118 fiebat,
1020 4027 1320 4100 homines
1361 4031 1577 4105 laudis
1617 4034 1925 4129 cupidine
1976 4032 2157 4103 ducti
2201 4032 2413 4103 multo
2463 4033 2614 4128 plus
2661 4056 2843 4131 prae-

743 4194 1025 4275 starent,
1101 4213 1299 4284 quam
1374 4191 1477 4263 lex
1526 4189 1852 4288 'posceret
1929 4195 2044 4260 aut
2118 4214 2222 4262 res
2290 4216 2409 4264 sua
2484 4197 2837 4288 pateret-ur.

744 4348 1090 4443 Propterea
1141 4350 1333 4420 multi
1387 4352 1452 4421 in
1506 4373 1648 4437 eaS,
1701 4357 2039 4445 tamquam
2091 4351 2163 4423 in·
2203 4353 2530 4446 publicam
2582 4350 2844 4425 calami-
