3414 5176
1567 567 1704 638 105

575 795 767 867 modo
841 817 984 868 esse
1060 815 1302 866 munus
1370 791 1741 887 publicum,
1835 793 2005 895 quod
2083 791 2278 875 multi
2356 799 2685 888 peterent,

577 922 818 1045 quippe
906 971 1072 1044 quae
1164 947 1322 1021 viris
1415 946 1776 1018 ambitiosis
1845 947 1932 1019 vad
2009 970 2237 1020 auram
2312 948 2692 1045 popularem

578 1102 1001 1199 captandam,
1093 1103 1282 1176 vanis
1372 1124 1447 1172 ac
1538 1101 1836 1198 superbis
1922 1101 2005 1173 ad
2087 1101 2352 1175 divitias
2425 1102 2696 1177 fastum-

579 1279 706 1351 que
779 1256 1247 1330 ostentandum
1322 1255 1617 1327 omnium
1695 1256 2039 1352 aptissima
2109 1264 2285 1329 esset
2358 1257 2504 1344 via,
2578 1258 2694 1329 sed

583 1409 1020 1482 sacerdotium
1092 1412 1326 1498 etiam,
1386 1433 1516 1506 quo
1576 1411 1688 1504 qui
1749 1409 2173 1505 fungeretur,
2243 1417 2697 1484 sacrosanctus

580 1568 775 1634 esset.

677 1716 1000 1806 Vidimus,
1068 1717 1489 1815 choragicam
1555 1722 1924 1814 reportasse
1983 1720 2324 1792 victoriam
2369 1682 2460 1791 'rin
2528 1744 2709 1793 sum--

581 1872 710 1943 mis
771 1871 1064 1947 habitam
1130 1895 1277 1946 esse
1343 1876 1505 1947 civis
1556 1871 1900 1959 laudibus3
1967 1873 2255 1945 maxima
2306 1880 2530 1945 autern
2580 1839 2702 1945 sol-

581 2025 925 2097 lemnitate
1001 2026 1407 2099 ⁴celebratam
1474 2050 1619 2099 esse
1694 2027 1896 2098 talem
1973 2012 2352 2113 victoriam,
2428 2027 2700 2124 ejusque

584 2180 969 2252 memoriam
1009 2186 1472 2276 ‘conservatam
1524 2186 1592 2253 et
1633 2181 1925 2278 praemio
1966 2181 2035 2251 in
2077 2179 2520 2278 pulcherrima
2558 2181 2699 2252 basi

581 2336 652 2406 in
720 2335 863 2406 loco
938 2334 1201 2430 publico
1269 2334 1591 2407 collocato
1672 2340 1742 2407 et
1814 2334 2278 2432 inscriptione,
2354 2358 2522 2431 quae
2587 2358 2703 2431 per

586 2488 850 2561 saecula
915 2488 1181 2559 duraret
1254 2488 1594 2584 felicisque
1668 2488 1936 2562 victoris
2004 2487 2087 2559 ad
2153 2494 2447 2585 posteros
2497 2495 2704 2561 trans-

585 2645 785 2717 ferret
836 2643 1133 2739 gloriam.

682 2797 777 2869 Ex
837 2797 1045 2884 hisce,
1098 2820 1267 2892 quae
1323 2800 1504 2871 omni
1556 2799 1752 2873 dubio
1803 2798 2048 2894 majora
2096 2803 2426 2886 tenemuS,
2478 2810 2699 2872 veram

585 2952 680 3024 rei
748 2953 1107 3047 imaginem
1167 2952 1355 3025 nobis
1414 2953 1665 3048 fingere
1721 2952 2143 3039 conantibUS,
2210 2975 2443 3047 parum
2515 2954 2702 3026 nohis

587 3106 724 3179 veri
791 3105 1119 3179 videbitur
1193 3106 1407 3177 simile
1430 3162 1446 3193 ,
1531 3129 1677 3177 eam
1751 3105 2112 3178 obtinuisse
2188 3104 2542 3200 rationem,
2620 3113 2697 3178 ut

588 3259 855 3354 choragi
930 3263 1271 3353 poetarum
1356 3259 1722 3353 adjutores.
1764 3258 2039 3346 fuerint,
2140 3257 2702 3354 choragorumque

590 3414 864 3489 victoria
939 3412 1262 3485 corollarii
1330 3413 1529 3486 fuerit
1594 3415 1802 3488 instar
1860 3419 2242 3510 poetarum,
2309 3436 2474 3510 quos
2525 3413 2702 3508 adju-

591 3570 828 3657 verint,
880 3568 1211 3642 victoriae.

667 3724 761 3794 *ln
785 3712 1036 3802 *altera
1100 3721 1681 3795 Commentationis
1745 3731 1932 3820 parte
1989 3723 2199 3820 primo
2249 3722 2699 3817 quaestionem

594 3878 957 3972 posuimuS,
1042 3901 1364 3975 quaenam
1448 3884 1679 3974 poetae
1760 3878 1832 3949 in
1906 3879 2172 3952 scenica
2243 3876 2703 3949 commissione

596 4032 839 4104 fuerint
938 4038 1196 4127 partes,
1308 4033 1423 4105 cui.
1520 4033 1885 4128 quaestioni
1987 4034 2080 4104 ita
2178 4030 2701 4129 respondendum

593 4187 1011 4272 censuimus,
1105 4193 1180 4258 ut
1272 4189 1395 4282 ipsi
1489 4187 1804 4260 dramatis
1881 4192 2111 4282 poetae
2185 4186 2406 4259 nullae
2481 4192 2701 4259 essent
