3414 5176
1679 558 1815 630 118

779 839 1024 918 Ultima
1051 842 1273 917 verba:
1312 817 1559 916 Netum
1582 878 1680 894 ·--
1702 842 2044 937 sepulcr&
2075 840 2421 934 glossatori
2449 840 2791 914 debentur.

1634 1120 1829 1191 XVII.

778 1370 997 1448 Horat.
1054 1370 1257 1470 Epist.
1305 1372 1354 1459 Ι,
1405 1370 1475 1459 3,
1511 1368 1593 1441 4:

782 1556 817 1595 n
835 1528 936 1601 An
994 1524 1162 1598 freta
1219 1524 1469 1598 vicinas
1532 1526 1710 1597 inter
1759 1524 2100 1597 currentia
2158 1522 2445 1597 turres.”

777 1677 875 1751 Ita
923 1676 1279 1772 legendum
1327 1674 1625 1749 videtur:

781 1858 816 1896 n
835 1829 935 1902 An
985 1827 1153 1901 freta
1201 1826 1452 1900 vicinas
1498 1830 2055 1921 interrumpentia
2106 1827 2391 1899 terrasst’

1630 2079 1854 2151 XVIII.

774 2309 942 2384 Cum
1008 2308 1461 2404 Peerlkampio
1520 2315 1682 2404 puto
1727 2311 1817 2405 ‚in
1887 2307 2106 2381 Horat.
2172 2307 2290 2381 od.
2364 2310 2412 2396 1,
2485 2305 2578 2378 12
2620 2306 2836 2379 delen-

674 2457 792 2533 dos
840 2482 986 2533 esse
1038 2481 1166 2532 ves.
1222 2457 1530 2529 33-48.

1645 2705 1815 2779 XIX.

767 2935 901 3010 cio.
955 2958 1072 3033 pro
1121 2931 1398 3007 Murena
1446 2931 1616 3020 xm,
1659 2931 1786 3004 29:
1848 2962 1883 3002 a
1900 2933 1987 3007 Ut
2038 2935 2224 3008 aiunt
2273 2938 2344 3006 in
2369 2934 2637 3008 Graecis
2689 2958 2784 3006 ar-

669 3086 957 3161 tificibus
1015 3109 1128 3161 eos
1179 3083 1490 3159 auloedos
1535 3108 1684 3160 esse
1734 3087 1848 3182 qui
1897 3085 2259 3159 citharoedi
2310 3085 2452 3159 fieri
2493 3108 2625 3159 non
2676 3109 2783 3183 po-

667 3240 942 3327 tuerint,
1018 3241 1114 3313 sie
1187 3239 1531 3313 nonnullos
1605 3238 1909 3311 videmus
1983 3238 2096 3333 qui
2164 3244 2456 3311 oratores
2506 3238 2783 3314 evadere

668 3412 801 3463 non
851 3392 1187 3485 potuerint
1235 3414 1347 3464 eos
1398 3389 1479 3463 ad
1529 3390 1693 3462 iuris
1744 3388 2042 3462 studium
2093 3390 2469 3465 devenire.”

765 3539 1027 3638 Optime
1077 3543 1176 3615 vir
1226 3543 1381 3616 clar.
1437 3539 1639 3614 Cobet
1699 3540 2039 3635 (Mnemos.
2098 3540 2310 3629 1860,
2362 3567 2423 3637 p.
2472 3540 2613 3613 335
2650 3542 2770 3637 sq.)

667 3716 818 3789 pro:
875 3695 1222 3766 nonnullos
1270 3690 1688 3766 scribendum
1740 3693 2057 3789 conjecit:
2112 3694 2291 3789 apud
2338 3717 2474 3766 nos.

1653 3941 1795 4012 XX.

765 4170 916 4242 Tae.
989 4171 1202 4266 Agrie.
1269 4165 1398 4240 27:
1469 4175 1604 4243 nAt
1656 4172 1953 4246 Britanni
2006 4195 2136 4245 non
2189 4174 2459 4262 virtute,
2511 4171 2625 4246 sed
2673 4194 2771 4245 oe·

660 4323 921 4393 easione
961 4329 1030 4393 et
1084 4328 1220 4394 arte
1271 4323 1450 4396 ducis
1504 4327 1524 4350 *
1553 4327 1571 4351 *
1625 4325 1818 4396 rati.'’
