3414 5176
1621 536 1711 606 59

716 771 835 844 Hic
911 770 992 840 de
1064 772 1293 863 poetae
1343 767 1410 833 et
1461 759 1973 832 chorodidascali
2024 760 2435 849 muneribuS‚
2491 784 2720 833 secun-

620 935 780 1005 dum
855 932 1043 1002 illum
1120 924 1489 1021 disjunctiS,
1552 922 1913 994 videamus.
1978 920 2342 1010 Quaenam,
2395 928 2470 994 ut
2531 946 2720 993 suam

626 1089 851 1188 probet
900 1083 1328 1170 sententiam,
1382 1085 1773 1173 argumenta
1814 1077 2183 1150 Boeckhius
2224 1079 2456 1151 affert?
2508 1078 2725 1166 Nulla,

626 1245 876 1331 credo,'
931 1243 1057 1315 nisi
1144 1240 1291 1336 quis
1368 1240 1741 1331 argumenti
1819 1238 1951 1310 vim
2039 1236 2238 1307 ducat
2326 1237 2541 1307 inesse
2616 1237 2729 1321 iis,

631 1427 798 1500 quae
847 1403 1007 1474 huic
1055 1398 1346 1495 opinioni
1396 1393 1954 1466 commendandae
1993 1394 2380 1489 praemittit,
2448 1392 2731 1488 chorago

640 1563 752 1656 (et,
827 1559 999 1655 quod
1074 1553 1440 1628 secundum
1514 1575 1667 1622 eum
1744 1551 1919 1622 ultro
1994 1550 2144 1621 inde
2192 1549 2532 1642 ,sequitur,
2586 1549 2734 1621 cho-

632 1715 1058 1809 rodidascalo)
1151 1737 1305 1786 cum
1380 1707 1808 1810 histrionibus
1873 1706 2036 1811 nihil
2103 1730 2451 1778 commune
2512 1708 2738 1795 fuisse,

632 1877 785 1971 quia
837 1873 917 1945 ab
968 1873 1281 1944 archonte
1333 1892 1462 1939 non
1506 1867 1814 1961 choragO,
1860 1866 1974 1937 sed
2017 1871 2246 1962 poetae
2289 1872 2463 1936 sorte
2499 1866 2738 1937 tribue·

635 2038 865 2102 rentur
891 2031 969 2123 ¹).
1071 2030 1210 2098 Hoc
1281 2048 1436 2098 vero
1501 2026 1743 2119 ipsum,
1817 2023 2169 2095 histriones
2243 2045 2373 2093 non
2424 2021 2741 2118 chorag0‚

642 2188 757 2260 sed
823 2191 1056 2282 poetae
1114 2190 1290 2255 sorte
1350 2204 1493 2252 esse
1553 2180 1858 2266 tributos,
1912 2181 2319 2275 gravissimis
2369 2179 2585 2251 dubiis
2620 2181 2741 2252 *ob-

646 2345 914 2415 noxium
957 2340 1121 2411 mihi
1171 2299 1450 2412 videtur.
1532 2337 1715 2408 Unde
1765 2338 1940 2409 enim
1985 2338 2051 2409 id
2093 2337 2293 2409 efficit
2326 2336 2746 2410 Boeckhius‘?

651 2503 702 2573 E
780 2500 1357 2601 grammaticorum
1433 2500 1574 2570 loco
1662 2522 1789 2570 uno
1871 2500 2166 2570 omnium
2244 2499 2527 2569 maxime
2604 2520 2751 2569 con-

644 2663 790 2734 fuso
867 2667 1064 2756 atque
1138 2661 1415 2731 obscuro
1443 2660 1534 2747 ²):
1602 2667 1651 2730 οἱ
1696 2667 1944 2739 ποιηταὶ
1994 2664 2359 2742 ἐλάμβανον
2404 2673 2562 2745 τρεῖς
2613 2667 2754 2729 ὑπο-

646 2828 856 2911 κριτὰς
896 2828 1100 2910 ’κλήρῳ
1150 2826 1515 2904 νεμηθέντας
1565 2824 2050 2906 ὑποκρινομένους
2099 2823 2168 2910 (l.
2204 2823 2754 2913 ὑποκρινουμένους)

642 2988 728 3052 τὰ
778 2987 1078 3070 δράματα
1102 3010 1115 3024 ·
1158 2984 1233 3051 ὧν
1281 2989 1308 3050 ὃ
1358 2986 1611 3079 νικήσοις
1652 2986 1739 3057 εἷς
1773 2985 2019 3050 τούπιὸν
2053 2981 2294 3063 ἄκριτος
2332 2982 2762 3063 παρελαμβά-

645 3168 811 3210 vero·
885 3144 1046 3209 ἔστιν
1110 3144 1205 3210 οὖν
1252 3140 1363 3210 οἷον
1411 3140 1772 3222 διαιρέσεις”
1799 3140 1874 3227 ³).
1968 3134 2243 3205 Etiamsi
2294 3156 2448 3205 Vero
2500 3134 2581 3204 ad
2631 3135 2755 3207 loci

724 3444 775 3508 1)
828 3442 949 3491 Vid.
993 3439 1218 3491 Boeckh.
1265 3440 1300 3489 1.
1333 3441 1397 3489 L:
1456 3462 1478 3483 n
1496 3442 1687 3493 Wiiren
1735 3442 1817 3491 die
1851 3440 2199 3506 Schauspieler
2230 3455 2351 3490 vom
2386 3439 2652 3501 Choragen
2680 3441 2760 3490 be-

656 3548 793 3605 sorgt
820 3539 1051 3597 worden,
1092 3553 1148 3587 so
1174 3540 1348 3588 wiirde
1375 3540 1465 3589 dor
1495 3538 1638 3588 Stant
1664 3539 1917 3589 dieselben
1946 3540 2061 3588 dem
2093 3535 2654 3601 Choragen‘zugetheilt
2678 3537 2763 3585 ha·

660 3640 756 3688 ben
770 3677 786 3699 ‚
819 3638 942 3688 aber
973 3636 1046 3686 sie
1077 3636 1282 3686 wurden
1329 3637 1468 3686 nicht
1501 3637 1599 3686 den
1636 3636 1900 3699 Choragen
1915 3674 1928 3697 ,
1964 3637 2180 3686 sondern
2215 3636 2314 3685 den
2343 3634 2582 3684 Dichtern
2616 3649 2761 3698 zuge-

659 3733 814 3783 loost:
851 3734 1057 3798 folglich
1084 3734 1174 3782 hat
1209 3735 1298 3782 der
1335 3732 1535 3796 chorag
1566 3734 1660 3782 mit
1692 3734 1848 3783 ihnen
1881 3734 2043 3783 nichts
2078 3748 2141 3782 zu
2175 3731 2449 3783 schaffen.”

727 3830 783 3893 2)
832 3830 987 3881 Vidd.
1024 3830 1339 3895 Hesychius,
1393 3829 1575 3879 Suidas
1626 3837 1675 3880 et
1719 3831 1953 3890 Photius‚
2000 3845 2049 3894 p.
2087 3834 2211 3888 293,
2260 3834 2352 3887 24,
2386 3845 2435 3876 v.
2476 3851 2498 3870 n
2516 3826 2767 3888 νεμήσεις

659 3923 1019 3991 ὑποκριτῶν.”

722 4021 777 4086 3)
833 4023 975 4073 Haec
1020 4028 1174 4076 verba
1205 4026 1494 4076 Boeckhius
1544 4028 1614 4076 ita
1657 4028 1836 4076 vertit.-
1889 4047 1911 4068 u
1927 4027 1962 4075 J
1965 4027 2082 4074 eder
2127 4024 2333 4074 Dichter
2372 4021 2551 4071 erhielt
2583 4020 2765 4069 durchs

657 4121 792 4168 Loos
830 4121 936 4169 drei
974 4120 1346 4187 Schauspieler:
1385 4125 1474 4173 der
1507 4125 1604 4172 den
1637 4122 1760 4186 Sicg
1787 4124 1951 4171 davon
1987 4128 2224 4184 gen-agen
2259 4121 2421 4178 hatte,
2456 4118 2626 4167 wurde
2659 4115 2766 4166 fui-s

662 4217 868 4266 n‘achste
904 4217 1013 4266 Mal
1049 4218 1182 4267 ohne
1219 4234 1346 4269 neue
1381 4221 1751 4283 Beurtheilung
1779 4215 2196 4283 zugenommen.''
2266 4215 2369 4265 Sed
2401 4217 2521 4279 quid
2553 4216 2650 4265 sibi
2684 4231 2768 4264 vo·

657 4315 767 4364 lunt
803 4315 981 4363 verba:
1026 4335 1045 4355 u
1064 4314 1270 4374 histrio,
1309 4317 1392 4377 qni
1424 4317 1682 4366 victoriam
1717 4313 2081 4380 1·eportassct''?
2153 4314 2413 4378 Nusquam
2469 4315 2603 4364 enim
2639 4326 2772 4375 repe-
