3414 5176
1583 539 1675 608 83

579 790 865 867 quarum
940 765 1160 837 nullae
1219 764 1685 859 tragoedorum
1752 787 1804 832 s.
1859 763 2317 835 comoedorum
2368 763 2679 836 victoriae

582 922 984 995 mentionem
1050 919 1341 1007 faciunt,
1404 918 1753 1015 pleraeque
1803 917 1871 988 in
1930 917 2152 1013 lyricis
2202 918 2341 991 sive
2389 919 2679 991 virorum

583 1077 723 1150 sive
763 1096 1118 1172 puerorum
1155 1079 1499 1148 versantur
1540 1070 1788 1159 choris,
1834 1072 2009 1144 unde
2058 1072 2172 1161 fit,
2217 1078 2293 1144 ut
2318 1074 2550 1144 multis
2575 1072 2682 1143 ob-

585 1231 859 1302 noxium
911 1235 1179 1301 maneat
1210 1235 1699 1324 'argumentum
1740 1231 2042 1298 nostrum
2093 1227 2628 1301 dubitationibus,

583 1426 588 1431 ·
679 1385 920 1480 Magno
997 1382 1425 1475 nihilominus
1499 1381 1685 1454 nohis
1760 1380 1954 1452 debet
2019 1400 2165 1453 esse
2231 1383 2502 1470 solatio,
2561 1380 2683 1453 has

581 1540 816 1611 saltem
867 1538 1324 1634 inscriptiones
1374 1559 1519 1607 esse
1568 1542 1899 1625 servataS,
1950 1536 2192 1632 quippe
2242 1559 2412 1631 quae
2469 1535 2684 1609 multa

578 1715 699 1763 nos
773 1693 1049 1765 doceant
1125 1692 1206 1763 de
1280 1691 1623 1788 choragia,
1690 1692 2077 1786 praesertim
2144 1691 2319 1786 quod
2386 1689 2467 1761 ad
2531 1706 2681 1763 eam

573 1847 1030 1942 quaestionem
1082 1848 1319 1918 attinet
1370 1869 1570 1942 quam
1627 1869 1808 1919 nunc
1857 1850 2259 1931 tractamuS,
2313 1844 2393 1915 de
2442 1850 2682 1917 natura

580 2000 820 2071 scenici
889 2001 1290 2070 certaminis.
1394 1997 1580 2082 Quae
1647 2004 1726 2070 ut
1777 2020 2286 2092 cognoscamuS,
2341 2021 2544 2069 unam
2595 1998 2683 2068 al—

579 2159 871 2224 teramve
923 2151 1427 2247 inscriptionum
1479 2176 1516 2223 a
1560 2151 1887 2225 Boeckhio
1936 2150 2261 2223 editarum
2313 2153 2685 2226 accuratius

586 2306 1090 2400 perpendamus,

683 2458 925 2529 Earum
969 2461 1219 2531 multae
1259 2461 1497 2555 partim
1532 2460 1787 2531 deletae
1830 2463 2021 2547 sunt;
2068 2461 2326 2556 integra
2353 2486 2506 2555 vero
2543 2469 2676 2549 est,

581 2637 778 2706 quam
829 2614 870 2683 l.
918 2616 961 2685 l.
1016 2639 1078 2711 p.
1126 2613 1307 2702 347,
1377 2614 1484 2684 N⁰.
1529 2614 1712 2702 222,
1782 2616 2186 2711 reperimuS,
2254 2615 2433 2690 chori
2494 2618 2679 2712 lyrici

583 2768 1020 2841 celebrantem
1075 2769 1434 2841 victoriam.
1532 2767 1643 2841 Sic
1692 2793 1765 2841 se
1816 2770 2047 2842 babet:

993 2935 997 2940 ’
1077 2925 1306 3003 Αἷγηῒς
1356 2925 1578 3005 ἀνδρῶν
1626 2925 1820 2990 ἐνίκα.

1074 3077 1393 3155 Εὐοιγίδης
1441 3077 1703 3151 Κτησίου
1754 3077 2043 3151 Φιλοιίδης
2087 3079 2393 3158 ἐχορήγει.

1079 3230 1521 3310 Λυσιμαχίδης
1567 3230 1965 3310 Ἐπιδάμνιος
2010 3232 2201 3308 ηὔλει.

1082 3385 1386 3465 Χαρίλαος
1432 3387 1659 3468 Λοκρὸς
1709 3388 2040 3453 ἐδίδασκεν.

1087 3539 1462 3621 Εὐθύκριτος
1520 3537 1729 3622 ἦρχεν.

684 3685 831 3772 Qua
871 3687 1296 3783 inscriptione
1338 3692 1831 3760 commemorari
1876 3689 2210 3761 videmus:
2260 3690 2358 3760 1⁹.
2407 3688 2680 3777 tribum,

590 3863 755 3932 quae
782 3844 1126 3937 reportarit
1153 3843 1491 3916 victoriam
1512 3851 1579 3914 et
1603 3869 1733 3939 quo
1760 3845 2137 3916 certaminis
2164 3868 2404 3938 genere
2429 3845 2682 3930 vicerit,

590 3992 690 4063 20.
714 3995 908 4089 hujus
935 3999 1140 4071 tribus
1167 4000 1561 4094 choragum,
1588 3999 1688 4070 30.
1720 3999 2078 4088 tibicinem,
2105 3999 2207 4070 4⁰.
2239 3999 2645 4070 didascalum
2668 4055 2684 4086 ,

592 4150 691 4219 5⁰.
752 4150 943 4236 anni,
988 4173 1114 4245 quo
1156 4156 1427 4226 victoria
1454 4161 1781 4250 reportata
1808 4163 1947 4241 est,
1978 4154 2217 4225 archon
2261 4176 2678 4248 eponymum.
2725 4224 2729 4228 ,

688 4305 958 4377 Ceterae
1012 4307 1463 4400 inscriptiones
1517 4310 1820 4381 universe
1873 4308 2028 4381 huic
2070 4315 2482 4402 congruunt,
2528 4332 2682 4402 pau-
