3414 5176
1727 590 1818 663 86

823 817 1205 890 Didascalus
1240 819 1307 887 in
1350 817 1655 890 omnibus
1696 825 2249 891 commemoratur
2283 820 2669 917 choragicae
2697 824 2825 896 vic-

722 974 929 1045 toriae
977 973 1462 1060 monumentis,
1515 997 1666 1045 cum
1710 974 1780 1044 in
1830 974 2057 1068 cycliis
2107 977 2472 1071 ceterisque
2496 1032 2513 1064 ,
2564 985 2706 1049 tum
2753 980 2822 1050 in

720 1125 1117 1200 dramaticis.
1161 1128 1471 1198 Etiamsi
1513 1134 1646 1200 non
1686 1129 1947 1223 integra
1988 1129 2075 1199 sit
2110 1126 2445 1202 Plutarchi
2480 1131 2823 1229 inscriptio

717 1282 1008 1378 tragica,
1059 1282 1185 1354 hac
1234 1282 1499 1376 quidem
1549 1283 1618 1352 in
1667 1306 1741 1354 re
1782 1283 1948 1354 nulli
1992 1282 2384 1355 dubitationi
2427 1284 2545 1356 dat*
2574 1288 2817 1359 locum.

814 1436 1269 1523 Didascalum,
1330 1434 1524 1529 cujus
1577 1434 1687 1506 hic
1736 1438 1985 1507 mentio
2034 1435 2141 1525 fit,
2174 1436 2375 1509 ⁴chori
2425 1439 2631 1513 fuisse
2681 1465 2816 1513 ma-

713 1591 1034 1686 gistrum,
1086 1590 1268 1659 omni
1316 1589 1513 1662 dubio
1562 1589 1776 1684 majus
1827 1592 2151 1662 existimo.
2231 1591 2394 1676 Quis
2435 1596 2651 1683 enim,
2697 1597 2810 1668 ubi

712 1742 1207 1816 commemorari
1257 1743 1496 1817 viderit
1544 1745 1759 1841 primo
1805 1745 1948 1817 loco
1996 1746 2242 1817 tribum
2266 1801 2282 1832 ,
2334 1745 2525 1841 cujus
2566 1749 2808 1822 chorus

714 2151 865 2200 diana
895 2151 1140 2217 loquitur,
1175 2151 1317 2215 cujus
1353 2153 1456 2215 ipse
1483 2151 1579 2201 fuit
1616 2151 1888 2216 choraguS,
1924 2154 2144 2202 auletam
2168 2168 2407 2218 magnam
2431 2156 2664 2205 habuisse
2696 2171 2807 2205 auc·

714 2245 993 2305 toritatem,
1033 2246 1360 2296 manifestum
1405 2253 1495 2297 est.
1561 2248 1741 2312 Longe
1779 2248 2058 2311 praestabat
2101 2247 2242 2296 chori
2285 2251 2524 2314 magistro
2538 2290 2551 2310 ,
2596 2265 2747 2316 quem
2779 2266 2809 2301 a

708 2340 872 2399 Midia
913 2347 1200 2404 corruptum
1244 2341 1461 2407 expulit,
1506 2341 1746 2405 cujusque
1797 2344 1992 2408 expulsi
2045 2345 2290 2395 benevole
2332 2347 2546 2410 suscepit
2591 2360 2804 2406 munu8‚

710 2450 1013 2499 quamquam
1061 2436 1124 2484 ad
1157 2437 1310 2499 ipsius
1355 2438 1515 2486 officia
1549 2452 1866 2501 nequaquam
1896 2439 2152 2501 pertinens
2187 2441 2332 2503 (Vid.
2367 2456 2410 2489 c.
2443 2443 2497 2501 7,
2531 2456 2583 2504 p.
2601 2442 2738 2507 520).

776 2530 932 2581 Chori
974 2513 1213 2595 magister
1256 2531 1410 2595 igitur
1452 2532 1505 2579 in
1549 2531 1648 2580 hoc
1689 2532 1842 2580 choro
1883 2534 2173 2583 inferiorem
2215 2536 2380 2586 tenuit
2420 2535 2586 2584 locum
2604 2572 2619 2595 ‚
2658 2522 2809 2601 atque

710 2627 920 2676 omnino
966 2626 1194 2689 ejusdem
1235 2626 1393 2677 fuisse
1418 2627 1720 2676 conditionis
1753 2627 1975 2687 videtur,
2009 2643 2069 2678 ac
2103 2628 2324 2689 Sanni0,
2358 2630 2660 2693 tragicorum
2694 2631 2807 2682 cho-

709 2738 881 2773 rorum
913 2723 1001 2771 ille
1043 2724 1306 2787 magister,
1356 2724 1420 2771 de
1462 2738 1561 2786 quo
1594 2722 1648 2771 in
1684 2724 1858 2773 eadem
1891 2725 2116 2774 oratione
2148 2725 2460 2775 mentionem
2489 2725 2625 2784 fieri,
2662 2739 2809 2790 supra

700 2821 813 2885 jam
843 2820 1067 2868 vidimus
1096 2819 1220 2884 (vid.
1254 2835 1303 2883 p.
1333 2825 1450 2869 533.
1496 2819 1563 2869 cf.
1589 2820 1740 2884 hujus
1775 2823 2212 2871 commentationis
2237 2838 2286 2888 p.
2322 2823 2429 2887 63).
2483 2822 2609 2882 Quis
2637 2829 2806 2873 tamen

707 2922 813 2967 erat
848 2914 1093 2982 αὐλητής
1125 2915 1212 2967 ille
1243 2917 1298 2965 in
1337 2917 1603 2966 tibicinum
1635 2918 1825 2967 choro?
1881 2917 2061 2968 Orator
2095 2921 2157 2968 dc
2192 2934 2251 2969 eo
2284 2920 2530 2984 loquitur,
2565 2922 2708 2984 quasi
2741 2922 2804 2970 de

704 3029 945 3079 persona,
990 3015 1131 3078 cujus
1170 3029 1353 3064 munus
1397 3016 1629 3064 omnibus
1674 3022 1850 3064 notum
1895 3022 1969 3065 est
1982 3038 1994 3075 ;
2030 3031 2122 3065 nos
2155 3030 2274 3065 vero
2308 3016 2613 3080 ignoramus·
2684 3018 2804 3083 Spe·

704 3113 897 3164 ciosum
923 3112 1050 3161 mihi
1080 3114 1449 3177 quodammodo
1475 3113 1696 3171 videtur,
1731 3113 1986 3163 tibicinem
2015 3128 2133 3161 eum
2159 3112 2335 3174 fuisse,
2370 3115 2458 3178 qui
2484 3123 2804 3179 componeret

702 3211 907 3268 modOS,
950 3225 1074 3273 quos
1116 3210 1297 3259 chorus
1339 3210 1463 3259 tibia
1507 3215 1735 3269 caneret,
1779 3211 1927 3259 simul
1968 3224 2090 3259 vero
2123 3226 2360 3274 magnam
2393 3213 2446 3261 in
2479 3201 2633 3263 choro
2666 3199 2802 3263 insti·
2904 3239 2905 3244 =

700 3308 888 3355 tuendo
927 3307 1136 3355 haberet
1177 3306 1520 3355 auctoritatem
1533 3346 1546 3367 ,
1575 3308 1692 3356 licet
1734 3307 1873 3356 chori
1906 3309 2146 3372 magister
2178 3310 2242 3358 ad
2272 3310 2403 3359 hanc
2435 3325 2544 3359 rem
2577 3312 2802 3361 adhiberi

703 3410 885 3467 posset.
954 3403 1221 3463 Quomodo
1266 3418 1387 3452 vero
1430 3418 1509 3452 res
1553 3405 1606 3452 in
1650 3404 1824 3467 cycliis
1868 3404 2033 3454 choris
2076 3419 2128 3454 se
2168 3406 2402 3456 habuisse
2433 3410 2653 3470 putanda
2688 3409 2798 3457 est?

700 3500 765 3550 In
799 3501 980 3550 horum
1012 3501 1279 3549 chororum
1312 3500 1718 3565 inscriptionibus
1749 3506 1956 3564 uterque
1991 3508 2040 3550 et
2070 3502 2256 3552 tibicen
2286 3509 2333 3553 et
2362 3505 2639 3553 didascalus
2667 3520 2797 3554 com-

700 3603 1067 3658 memorantur,
1105 3598 1176 3647 ita
1204 3605 1400 3658 tamen,
1435 3606 1492 3646 ut
1519 3598 1603 3647 ille
1637 3598 1856 3663 priorem
1883 3599 2174 3662 plerumque
2206 3608 2376 3650 teneat
2406 3603 2586 3651 locum.
2658 3601 2716 3651 Si
2744 3603 2797 3652 in

700 3693 779 3742 his
811 3709 1008 3758 quoque
1046 3696 1207 3745 choris
1233 3697 1417 3746 tibicen
1458 3698 1500 3746 is
1529 3704 1661 3757 erat,
1702 3698 1789 3761 qui
1814 3697 1989 3746 modos
2017 3704 2361 3761 componeret,
2392 3699 2456 3747 ad
2482 3714 2605 3763 quos
2633 3700 2795 3763 dithy-

699 3791 902 3841 rambus
927 3798 1212 3852 caneretur,
1246 3808 1493 3857 quaenam
1523 3795 1729 3842 tandem
1763 3802 1836 3842 est
1865 3810 2039 3853 causa,
2074 3810 2161 3843 cur
2189 3795 2275 3843 ille
2293 3795 2523 3858 quidem,
2558 3811 2660 3845 non
2676 3811 2798 3847 vero

700 3890 855 3953 ipsius
879 3888 1186 3951 dithyrambi
1214 3895 1358 3951 poeta
1384 3890 1837 3939 commemoretur?
1872 3891 2082 3940 Etiamsi
2111 3892 2248 3940 enim
2275 3892 2563 3952 statuimus,
2597 3902 2794 3956 poetam

697 3986 850 4036 fuisse
873 3986 1012 4035 chori
1028 3974 1352 4049 magistrum,
1381 3988 1568 4035 multae
1585 3993 1776 4037 restant
1793 3990 2108 4051 quaestiones
2122 4025 2136 4046 ,
2167 3988 2347 4051 quibus
2375 3991 2672 4052 respondere
2691 4006 2792 4039 non

699 4082 846 4131 facile
891 4082 1008 4130 erit:
1055 4080 1232 4145 quidni
1278 4095 1320 4129 e.
1350 4096 1399 4143 g.
1444 4081 1627 4131 tibicen
1672 4082 1821 4133 fuerit
1865 4085 2004 4132 chori
2037 4083 2311 4146 magister?
2362 4082 2464 4132 Cur
2495 4091 2641 4147 poeta
2673 4091 2793 4134 tunc

698 4177 928 4235 demum,
962 4192 1115 4239 quum
1148 4176 1286 4225 chori
1320 4177 1547 4239 magistri
1581 4192 1764 4227 munus
1797 4180 2089 4242 susciperet,
2124 4180 2304 4242 dignus
2338 4179 2534 4229 habitus
2572 4183 2660 4240 sit,
2706 4184 2792 4245 qui

697 4279 1135 4330 commemoretur,
1164 4287 1320 4335 quum
1347 4271 1555 4331 tibicen,
1586 4273 1702 4322 licet
1731 4275 1869 4324 chori
1899 4290 1998 4323 non
2030 4282 2157 4323 essct
2187 4276 2444 4339 magister,
2476 4277 2569 4324 hoc
2601 4277 2792 4326 honore

691 4367 798 4428 jam
831 4365 1108 4415 frueretur?
1146 4368 1271 4417 aliae
1307 4367 1564 4430 ejusmodi.
2423 4363 2426 4368 ’
