3414 5176
1733 572 1821 643 70

727 823 896 896 quae
980 799 1061 870 ad
1128 798 1466 869 scenicum
1550 798 1783 870 ludum
1860 797 2321 870 instruendum
2399 797 2819 894 pertinerent.

727 960 1018 1032 Tametsi
1092 982 1224 1031 non
1297 960 1538 1030 desunt
1611 966 1911 1032 veterum
1993 956 2158 1045 loci,
2250 956 2426 1030 unde
2515 965 2823 1056 apparet,

725 1119 1087 1217 choragum
1129 1126 1388 1217 praeter
1428 1144 1505 1191 ea
1539 1141 1716 1215 *quae
1766 1116 2040 1192 chorum
2082 1123 2491 1214 spectarent,
2544 1119 2822 1194 aliarum

718 1284 922 1355 etiam
971 1307 1194 1355 rerum
1245 1305 1473 1355 curam
1497 1379 1500 1384 .
1523 1281 1853 1353 habuisse.

818 1445 916 1516 lta
968 1443 1140 1540 apud
1191 1441 1650 1531 Aristotelem,
1704 1440 1816 1513 ubi
1868 1440 1949 1512 de
1999 1461 2235 1513 scenae
2276 1437 2691 1513 decoratione
2729 1441 2819 1513 lo-

723 1605 949 1700 quitur
976 1604 1023 1699 ¹)
1056 1658 1072 1692 ‚
1115 1603 1430 1699 legimus:
1488 1610 1649 1676 »κοιὶ
1690 1610 1993 1694 κωμῳδοῖς
2026 1614 2308 1692 χορηγῶν
2353 1608 2415 1674 ἐν
2460 1618 2539 1693 τῇ
2583 1608 2822 1694 παρόδῳ

719 1767 1032 1859 πορφύροςν
1094 1765 1420 1849 εἰσφέρων,
1488 1761 1686 1846 ὥσπερ
1750 1765 1802 1830 οἱ
1862 1771 2223 1844 Μεγαρεῖς,
2286 1760 2394 1828 καὶ
2454 1760 2670 1830 πάντα
2731 1766 2818 1832 τὰ

717 1929 978 1991 τοιαῦτα
1039 1926 1315 2003 ποιήσει,
1377 1926 1445 1990 οὐ
1509 1927 1616 1988 τοῦ
1669 1927 1864 1989 καλοῦ
1912 1919 2131 1998 ἕνεκα,
2178 1918 2357 1986 ἀλλὰ
2402 1920 2507 1987 τὸν
2551 1927 2817 1991 πλοῦτον

715 2084 1263 2165 ἔπιδεικνύμενος”,
1298 2076 1379 2149 ad
1420 2100 1617 2171 quem
1659 2076 1881 2147 locum
1931 2074 2246 2171 Aspasius
2297 2079 2599 2147 annotat:
2654 2082 2815 2150 »καὶ

718 2244 1012 2327 κωμῳδῶν
1049 2254 1336 2328 χορηγοῖς
1383 2241 1644 2320 σύνηθες
1692 2238 1760 2316 ἦν
1808 2244 1870 2307 ἐν
1918 2238 2205 2326 κωμῳδίᾳ
2250 2239 2818 2323 παραπετάσματα

716 2402 931 2486 δέρρεις
979 2409 1205 2478 ποιεῖν,
1254 2403 1320 2467 οὐ
1361 2399 1814 2483 πορφυρίδας.”
1892 2392 2061 2465 Hinc
2100 2393 2449 2467 manifeste
2473 2396 2808 2492 sequitur,

718 2579 986 2631 scenam
1048 2554 1296 2628 aulaeis
1360 2576 1591 2627 ornare
1659 2552 1928 2648 choragi
1979 2553 2216 2642 fuisse,
2269 2556 2443 2650 quod
2495 2557 2576 2630 ad
2627 2556 2808 2630 chori

715 2719 1017 2791 habitum
1067 2715 1491 2813 pertinuisse,
1544 2738 1741 2787 nemo
1792 2712 2163 2786 contendet.

811 2878 885 2950 In
928 2876 1380 2974 Aristophanis
1422 2876 1629 2964 Pace,
1672 2900 1769 2949 VS.
1812 2874 2033 2963 1023,
2087 2875 2198 2947 ubi
2242 2878 2640 2951 sacrificium
2689 2880 2808 2951 im·

716 3039 1013 3135 peditur,
1067 3038 1379 3133 legimus:

1025 3202 1216 3272 »οὸτω
1262 3208 1333 3273 τὸ
1380 3205 1692 3287 πρόβατον
1738 3208 1822 3286 τῷ
1868 3203 2118 3286 χορηγῷ
2166 3202 2477 3285 σώζετκι”

710 3360 888 3432 unde
939 3367 1236 3456 apparet,
1288 3383 1478 3433 ovem
1544 3355 2002 3442 mactandam,
2054 3379 2222 3449 quae
2288 3358 2523 3429 saltem
2574 3383 2679 3432 res
2721 3360 2803 3430 ad

711 3521 987 3593 chorum
1027 3544 1156 3591 non
1200 3492 1605 3615 pertinebat,
1651 3542 1688 3590 a
1724 3515 2011 3611 chorago
2061 3517 2200 3588 dari
2243 3517 2567 3589 debuisse.
2637 3519 2801 3591 Item

711 3680 781 3751 in
817 3680 1063 3752 Avibus
1113 3705 1206 3751 vs.
1238 3680 1413 3766 890,
1458 3681 1525 3750 in
1569 3680 1890 3752 sacrificio
1941 3677 2354 3752 Pithetaerus
2396 3679 2800 3752 sacerdotem

711 3840 817 3911 his
867 3838 1080 3913 verbis
1132 3839 1521 3933 alloquitur:

982 4006 1184 4073 »Ἐπὶ
1235 4015 1431 4085 ποῖον,
1477 4004 1518 4071 ὦ
1566 3997 1977 4085 κακόδαιμον,
2033 4010 2237 4093 ἱερεῖον
2284 4018 2498 4083 καλεῖς

782 4349 831 4414 l)
870 4348 991 4399 Vid.
1029 4348 1238 4401 Aristot.
1275 4353 1392 4401 Eth.
1424 4353 1618 4403 Nicom.
1659 4354 1768 4414 IV,
1807 4357 1852 4404 6.
