3414 5176
1735 541 1825 609 54

728 766 801 838 ln
879 765 1095 837 libello
1165 773 1298 854 περὶ
1347 772 1663 855 κωμῳδίας
1740 767 2052 861 inscripto
2098 766 2139 860 ¹)
2241 768 2321 838 de
2398 769 2828 864 Aristophane

728 927 894 1000 haec
942 927 1263 1022 legimus:
1319 929 1619 1008 »ἐδίδαξε
1663 931 1728 998 δὲ
1772 937 2003 1015 πρῶτος
2052 931 2151 998 ἐπὶ
2199 931 2489 1014 ἄρχοντος
2538 935 2834 1015 Διοτίμου
2935 909 2943 917 ⁶

725 1096 827 1162 διὰ
871 1094 1375 1178 Καλλιστράτου·
1450 1094 1569 1166 τὰς
1638 1092 1752 1172 μὲν
1822 1094 1946 1176 γὰρ
2014 1093 2337 1167 πολιτικὰς
2396 1092 2590 1177 τούτῳ
2638 1096 2836 1178 <poco-iv

726 1258 911 1323 αὐτὸν
957 1254 1216 1331 basam,
1266 1256 1386 1327 τὰς
1433 1254 1494 1319 δὲ
1542 1261 1686 1320 κατ’
1733 1255 2053 1335 Εὐριπίδου
2100 1253 2205 1320 aa}
2248 1253 2604 1336 Σωκράτους
2643 1266 2836 1324 Φιλω-

725 1416 850 1499 νίδῃ
874 1438 887 1453 ·
963 1415 1064 1481 διὰ
1111 1415 1175 1482 δὲ
1235 1419 1415 1481 τοῦτο
1459 1413 1756 1493 νομισθεὶς
1808 1412 2060 1493 ἀγαθὸς
2108 1416 2358 1490 ποιητὴς
2403 1416 2543 1491 τοὺς
2588 1419 2835 1494 λοιποὺς

724 1577 756 1641 ε’
773 1600 917 1655 my
935 1601 964 1657 ρ
984 1572 1139 1658 οοφό
1154 1596 1291 1652 μεν
1310 1596 1337 1638 ο
1355 1597 1384 1646 ς
1410 1571 1609 1660 ε’νίκοοζ·
1651 1571 1871 1639 ἔπειτα
1895 1573 1980 1654 τῷ
2006 1574 2110 1655 υἱῷ
2136 1571 2324 1639 ἐδίδου
2348 1575 2436 1639 τοὶ
2456 1573 2833 1668 δράμοιτοο.”

727 1732 1219 1819 Quaestionem,
1296 1732 1550 1827 utrum,
1589 1755 1668 1803 ea
1734 1754 1927 1841 quae·
1955 1731 2081 1804 hoc
2128 1732 2274 1805 loco
2323 1756 2833 1808 commemoran-

726 1901 838 1965 tur
884 1893 965 1966 de
1015 1894 1273 1968 diversa
1321 1914 1574 1978 earum,
1615 1915 1782 1985 quas
1825 1890 2222 1980 CallistratO,
2259 1916 2640 1990 earumque,
2668 1920 2833 1992 quas

725 2054 1052 2129 Philonidi
1137 2053 1426 2139 tradidit,
1502 2050 1873 2123 fabularum
1949 2053 2205 2140 indole,
2282 2053 2392 2126 hic
2456 2055 2832 2143 mittentes,

726 2242 936 2290 unum
978 2216 1215 2289 saltem
1257 2237 1337 2284 ex
1385 2212 1513 2285 hoc
1561 2213 1705 2285 loco
1755 2211 2012 2286 efficere
2061 2219 2129 2285 et
2180 2213 2262 2285 ad
2312 2221 2611 2287 nostrum
2656 2216 2834 2288 adhi-

722 2377 876 2450 bere
925 2399 1122 2450 usum
1163 2374 1410 2448 licebit.
1489 2373 1738 2459 Quodsi
1781 2374 1960 2445 enim
2001 2375 2322 2470 scriptum
2365 2381 2467 2447 est
2503 2384 2838 2467 ἐπιγρα-

720 2544 826 2630 φό
835 2570 933 2627 με
955 2569 1070 2613 νον
1130 2535 1632 2635 Aristophanem
1675 2539 1896 2606 cetera
1938 2533 2236 2607 dramata
2286 2536 2354 2606 in
2406 2559 2673 2609 scenam
2726 2539 2832 2611 de-

723 2700 921 2787 disse,
965 2705 1233 2795 apparet
1275 2703 1468 2770 antea
1510 2719 1640 2768 non
1676 2695 1885 2791 ipsius
1926 2718 2166 2767 nomen
2201 2696 2593 2792 inscriptum
2629 2697 2832 2773 fuisse

723 2860 987 2947 fabulis,
1039 2884 1203 2955 quas
1262 2859 1528 2943 fecerat,
1580 2856 1623 2926 i.
1679 2878 1737 2925 e.
1794 2853 2149 2926 Callistrati
2202 2861 2270 2926 et
2312 2854 2670 2928 Philonidis
2721 2881 2830 2928 no-

725 3022 905 3093 mina
953 3019 1190 3091 fabulis
1240 3041 1405 3112 quas
1447 3017 1808 3088 docuerant
1858 3013 2348 3110 Aristophaneis
2391 3039 2535 3087 esse
2571 3017 2833 3112 imposi-

726 3191 816 3254 ta.
916 3180 1220 3273 Dicitque
1286 3174 1641 3248 scholiasta
1712 3175 1790 3246 ad
1844 3174 2020 3247 Pluti
2072 3200 2167 3247 vs,
2226 3175 2365 3246 179
2418 3176 2830 3249 Philonidem

726 3343 886 3408 »τὸν
921 3340 1020 3405 ἐπὶ
1048 3346 1173 3412 τοῖς
1198 3337 1718 3420 Ἀριστοφοονείοις
1744 3338 2025 3415 fen-1729*
2037 3337 2411 3416 ροομμένον
2450 3337 2835 3419 δράμασιν.”

823 3497 1041 3568 Etiam
1091 3518 1245 3566 cum
1298 3500 1706 3565 mortuorum
1759 3500 2097 3589 poetarum
2151 3496 2440 3583 fabulae,
2492 3504 2568 3568 ut
2608 3497 2828 3585 fiebat,

730 3684 768 3731 a
816 3657 969 3727 filiis
1018 3654 1121 3727 vel
1174 3653 1318 3724 aliis
1369 3677 1598 3724 eorum
1648 3658 2159 3751 consanguineis
2209 3657 2634 3744 docerentur,
2697 3682 2827 3729 non

725 3824 1099 3917 poetarum,
1169 3814 1281 3884 sed
1341 3836 1591 3898 eorum,
1647 3837 1685 3883 a
1734 3816 1972 3907 quibus
2014 3819 2081 3887 in
2125 3841 2387 3887 scenam
2440 3821 2827 3891 commissae

734 4121 1061 4188 χαριεῖσθαι
1102 4116 1178 4184 τῷ
1225 4114 1369 4182 ὄχλῳ
1420 4116 1526 4164 τῶν
1582 4118 1857 4169 θεατῶν”;
1909 4120 2026 4170 licet
2058 4123 2377 4187 conjunctum
2413 4125 2609 4190 legatur
2642 4141 2757 4177 cum
2790 4125 2823 4187 ἡ

732 4218 841 4268 τῶν
880 4215 1249 4284 διθυράμβων
1278 4214 1545 4280 ποίησις.”

804 4317 855 4383 1)
908 4317 1032 4367 vid.
1064 4329 1113 4377 p.
1145 4318 1207 4363 24
1241 4328 1287 4364 v.
1322 4319 1380 4364 16
1415 4314 1645 4363 Dindorf.
