3414 5176
1617 546 1706 613 53

643 777 795 839 »οὐκ
822 773 898 838 ἂν
922 777 1177 856 φαυλῶς
1206 767 1428 851 ἔτυχεν
1446 770 1658 835 τούτου
1677 792 1689 804 ·
1723 775 1821 834 νῦν
1845 771 1894 834 δ’
1921 768 2087 847 ἄξιός
2114 771 2281 836 ἐσθ’(ὃ
2308 797 2478 846 ποιῇ·

1924 896 2109 975 τής,”
2133 922 2193 963 κ.
2219 921 2280 962 τ.
2308 913 2373 962 λ.

699 1052 881 1123 Unde
931 1055 1273 1148 perspicue
1325 1058 1615 1146 apparet,
1678 1057 1970 1145 poetam,
2034 1051 2222 1144 cujus
2282 1050 2526 1121 mentio
2594 1050 2697 1136 fit,

599 1213 1317 1286 comoedodidascalum
1370 1233 1628 1305 quoque
1682 1212 1884 1283 fuisse
1915 1212 1991 1305 ¹).

695 1359 1102 1444 Philonidem
1154 1379 1379 1445 contra
1446 1378 1513 1443 et
1573 1370 2024 1443 Callistratum
2076 1371 2283 1465 ipsius
2334 1369 2700 1441 didascalos

599 1539 823 1627 poetas
875 1539 1065 1604 vocat
1115 1534 1181 1602 in
1235 1532 1593 1628 Vesparum
1647 1530 1968 1627 parabasi,
2022 1554 2115 1601 vs,
2175 1529 2407 1601 1018:

807 1719 848 1756 »
874 1731 1053 1743 —-—-
1100 1695 1413 1774 ἐπικουρῶν
1462 1691 1726 1773 κρύβδην
1773 1692 2017 1773 ἑτέροισι
2066 1691 2428 1768 ποιηταῖς.”

688 1852 962 1924 Nullum
1031 1852 1164 1923 fere
1232 1850 1595 1922 obtinuisse
1663 1851 2016 1922 discrimen
2084 1851 2256 1920 inter
2321 1859 2580 1945 poetam
2631 1858 2699 1920 ct

592 2012 998 2082 didascalum
1051 2036 1130 2081 ex
1180 2010 1484 2081 omnibus
1534 2009 1639 2080 his
1688 2011 1848 2082 locis
1901 2017 2168 2105 apparet
2195 2011 2274 2103 ²).
2379 2009 2499 2081 Hic
2549 2034 2701 2083 vero

592 2171 1041 2266 quaerendum
1092 2177 1226 2256 est,
1291 2175 1514 2241 utrum
1566 2178 1829 2265 poetae,
1881 2178 2210 2264 quatenus
2260 2176 2436 2241 esset
2485 2177 2698 2266 poeta,

596 2358 677 2402 an
745 2331 966 2426 potius
1026 2329 1396 2416 didascalo,
1465 2331 1601 2402 sive
1652 2337 1843 2427 poeta
1894 2337 2069 2403 esset
2118 2331 2256 2404 sive
2307 2353 2436 2401 non
2488 2337 2693 2417 esset,

597 2493 662 2562 in
708 2489 927 2561 fabula
972 2489 1223 2581 agenda
1276 2488 1518 2560 fuerint
1568 2498 1806 2586 partes.
1873 2491 2060 2577 Quod
2114 2491 2195 2562 ad
2246 2489 2417 2562 hanc
2467 2514 2694 2583 quaes-

589 2653 832 2722 tionem
903 2650 1160 2736 attinet,
1230 2657 1510 2740 constat,
1580 2656 1632 2724 si
1703 2661 2046 2748 poetarum
2114 2652 2374 2723 fabulae
2432 2674 2563 2722 non
2616 2651 2694 2722 ab

585 2812 747 2908 ipsis
789 2811 1199 2897 docerentur,
1253 2834 1383 2882 non
1435 2821 1776 2908 poetarum
1829 2815 2119 2899 nomina,
2174 2813 2288 2884 sed
2339 2812 2694 2884 didascalo·

586 2999 757 3060 rum,
812 2995 848 3041 a
899 2971 1136 3064 quihus
1188 2972 1418 3043 doctae
1468 2983 1712 3060 essent,
1766 2977 1832 3044 in
1884 2973 2211 3044 indicibus
2261 2995 2406 3042 esse
2459 2972 2690 3066 posita.

589 3344 697 3393 loca
723 3358 844 3395 vero
861 3384 875 3404 ,
911 3345 998 3395 ubi
1041 3346 1270 3408 ποιητής
1301 3345 1538 3403 occurrit,
1580 3346 1643 3392 ad
1677 3345 1840 3407 ipsum
1875 3349 2099 3408 spectent
2135 3341 2544 3405 Aristophanem.

658 3441 921 3507 Quidquid
956 3449 1031 3493 est
1049 3482 1063 3504 ,
1120 3448 1471 3507 argumentum
1501 3448 1694 3501 manet,
1740 3443 1982 3491 vocabula
2015 3441 2247 3505 ποιητής
2278 3446 2328 3490 et
2364 3436 2697 3493 διδάσκαλος

586 3540 730 3589 facile
759 3539 893 3588 inter
928 3552 981 3588 se
1016 3539 1313 3589 commutari
1349 3539 1582 3602 potuisse.

661 3636 711 3698 l)
764 3635 945 3700 Neque
994 3635 1077 3684 hic
1125 3636 1263 3684 locus
1276 3674 1290 3694 ,
1335 3642 1392 3684 ut
1440 3635 1740 3698 praecedens
1753 3672 1767 3692 ,
1818 3634 2210 3683 dubitationibus
2258 3647 2432 3682 ansam
2469 3635 2697 3696 praebet,

591 3746 746 3795 quum
779 3732 831 3782 in
866 3733 1107 3797 Equitum
1143 3731 1313 3781 fabula
1347 3731 1713 3795 Aristophanes
1749 3737 1798 3782 et
1832 3738 1978 3795 poeta
2008 3741 2060 3782 et
2090 3731 2371 3781 didascalus
2402 3729 2566 3780 fuerit.

658 3827 779 3876 vid.
809 3836 1063 3891 praeterea
1092 3844 1195 3878 non
1230 3829 1397 3877 minus
1431 3828 1625 3877 lucidus
1653 3828 1792 3877 locus
1827 3829 1881 3878 in
1917 3828 2064 3878 Pacis
2097 3828 2323 3892 parabasi
2356 3842 2429 3876 vs.
2462 3831 2486 3878 7
2493 3832 2558 3876 34
2590 3841 2696 3890 sqq.

659 3926 712 3989 2)
767 3923 918 3974 Adde
949 3928 1100 3975 etiam
1138 3940 1227 3987 ea,
1260 3941 1389 3990 quae
1421 3927 1737 3990 reperiuntur
1762 3927 1895 3991 apud
1923 3927 1960 3977 J
1962 3926 2123 3977 ulium
2149 3925 2357 3977 Richter
2382 3927 2436 3974 in
2463 3925 2700 3988 Prolegg.

598 4022 662 4071 ad
713 4019 971 4085 Aristoph.
1023 4024 1247 4088 VespaS,
1297 4024 1384 4073 ubi
1435 4024 1538 4087 agit
1587 4025 1650 4074 de
1698 4024 2006 4082 didascaliiS,
2056 4038 2106 4086 p.
2143 4028 2198 4072 5:
2244 4046 2266 4065 n
2292 4021 2407 4082 Quo
2439 4036 2588 4071 sensu
2625 4022 2701 4084 (ut

591 4117 835 4182 significet
881 4124 929 4166 et
965 4133 1088 4181 opus
1121 4127 1295 4184 poetae
1329 4128 1379 4170 ct
1410 4122 1550 4170 chori
1586 4121 1879 4171 instituendi
1912 4120 2219 4182 docendique
2251 4119 2457 4184 munus)
2490 4120 2698 4169 verbum

596 4212 939 4264 διδασκαλία
991 4217 1202 4266 occurrit
1249 4220 1380 4280 apud
1427 4218 1690 4267 Platonem
1726 4215 1880 4279 Gorg.
1928 4231 1975 4278 p.
2023 4219 2113 4263 501
2157 4214 2226 4263 f..-
2280 4214 2356 4278 ’ιὴ
2390 4214 2498 4263 τῶν
2527 4217 2702 4284 χορῶν

598 4312 994 4374 διδασκαλία”,
1046 4315 1118 4361 uti
1166 4323 1556 4364 consentaneum
1608 4321 1869 4378 propterea
1923 4320 1993 4362 cst
2043 4315 2177 4376 quod
2221 4315 2533 4378 subsequitur
2577 4331 2696 4364 mox
