3414 5176
1760 552 1850 622 92

755 790 1167 871 statuamus,
1236 781 1652 854 Aristotelem
1722 803 1852 850 non
1911 780 2254 873 collegisse
2305 780 2497 849 modo
2548 777 2848 874 publica,

756 945 840 1016 ad
891 967 1057 1040 quae
1107 941 1319 1016 facilis
1370 944 1429 1014 ei
1498 931 1717 1014 aditus
1776 946 1982 1027 esset,
2052 946 2515 1026 monumenta,
2594 939 2708 1010 sed
2775 963 2851 1011 eo

754 1106 1020 1177 nomine
1100 1127 1254 1177 eum
1318 1103 1400 1174 de
1481 1126 1552 1174 re
1641 1101 1903 1173 scenica
1975 1101 2220 1197 optime
2294 1101 2601 1172 meritum
2677 1122 2853 1186 esse,

753 1265 929 1361 quod
995 1289 1033 1336 e
1097 1265 1374 1340 diversis
1440 1262 1760 1348 fontibuS,
1828 1283 1958 1332 non
2043 1263 2257 1334 solum
2309 1260 2587 1356 publicis
2642 1231 2855 1355 (inter

754 1447 921 1520 quae
972 1423 1320 1519 choragica
1369 1424 1655 1519 primum
1692 1445 1852 1493 sane
1902 1423 2264 1496 obtinuisse
2307 1423 2528 1497 locum
2579 1444 2853 1493 necesse

755 1592 895 1670 est,
948 1606 1116 1679 quae
1138 1638 1154 1669 ,
1199 1583 1309 1654 ubi
1371 1583 1970 1656 commemorabant
2014 1584 2410 1671 didascaloS,
2465 1585 2853 1680 plerumque

755 1749 981 1840 poetas
1032 1744 1230 1816 simul
1282 1743 1658 1839 aperiebant
1686 1744 1732 1837 ¹)
1760 1744 1779 1838 )
1805 1797 1821 1829 ‚
1874 1744 1990 1815 sed
2026 1746 2227 1816 etiam
2278 1745 2551 1841 privatis
2575 1798 2590 1829 ,
2643 1741 2853 1814 didas·

754 1905 1048 1977 calorum
1100 1912 1168 1976 et
1217 1903 1622 1990 fabularum,
1673 1925 1837 1998 quas
1888 1903 2269 1994 docuerint,
2330 1928 2409 1976 ex
2470 1904 2696 1975 ordine
2748 1927 2856 1974 an-

757 2086 993 2137 norum
1061 2066 1515 2161 composuerit·
1577 2065 1998 2161 catalogum?
2084 2065 2263 2138 Talis
2328 2066 2708 2159 catalogUS,
2776 2086 2856 2134 ex

755 2228 897 2323 ipsa
965 2227 1059 2298 rei
1110 2233 1347 2299 natura
1369 2281 1385 2313 ‚
1435 2226 2000 2300 observationibus
2051 2227 2299 2299 criticis
2318 2236 2335 2315 ‚'
2372 2223 2856 2297 'emendationi-

753 2386 912 2474 bus,
957 2384 1452 2457 'additamentis
1525 2385 1843 2458 obnoxius
1918 2393 2090 2473 erat,
2169 2394 2365 2483 atque
2446 2387 2539 2457 ita
2606 2384 2851 2457 factum

754 2554 896 2636 est,
964 2553 1040 2620 ut
1106 2543 1576 2631 DicaearchuS,
1646 2544 2021 2616 Aristotelis
2079 2545 2478 2643 discipuluS‚
2552 2545 2852 2642 magistri

750 2710 886 2803 jam
976 2706 1428 2778 retractaverit
1510 2730 1674 2801 opus
1698 2761 1714 2792 ‚
1799 2708 1988 2801 cujus
2072 2708 2345 2780 seriores
2438 2707 2849 2804 grammatici

752 2867 991 2939 imitati
1043 2872 1199 2938 sunt
1248 2867 1642 2961 exemplum.
1739 2866 2049 2941 Fatemur
2100 2875 2321 2940 tamen
2372 2868 2575 2956 haec,
2628 2892 2852 2963 quam-

751 3029 853 3100 vis
911 3028 1235 3124 speciosa,
1304 3027 1387 3097 ad
1454 3026 1976 3122 redarguendam
2053 3028 2362 3103 Boeckhii
2438 3030 2519 3102 de
2571 3030 2852 3101 vetustis

752 3187 1123 3259 didascaliis
1215 3187 1655 3275 sententiam,
1751 3211 1878 3260 non
1973 3188 2290 3261 sufficere.
2417 3189 2562 3262 Jam
2647 3192 2850 3263 instat

753 3347 1080 3445 quaestio,
1157 3370 1319 3418 num
1410 3347 1803 3420 didascaliae
1887 3350 2038 3421 illae
2105 3374 2330 3423 revera
2419 3356 2847 3423 monumenta

753 3507 1147 3579 didascalica
1198 3507 1637 3603 nuncupanda
1680 3509 1844 3595 sint,
1901 3510 1979 3581 ab
2029 3512 2206 3580 omni
2259 3519 2441 3606 parte
2494 3512 2573 3581 ad
2625 3510 2847 3582 chora-

755 3667 1051 3765 gicorum
1128 3675 1703 3740 monumentorum
1796 3671 2115 3742 rationem
2192 3674 2549 3743 constituta
2573 3729 2588 3759 ‚
2681 3695 2847 3767 quae

756 3832 955 3903 unius
1030 3832 1292 3899 tantum
1360 3828 1698 3901 victoriam
1778 3830 2179 3925 prodiderint
2245 3833 2616 3906 memoriae.
2723 3832 2842 3904 Cui

827 4132 877 4194 l)
927 4129 1183 4179 Nimirum
1242 4130 1328 4179 ubi
1379 4135 1525 4194 poeta
1584 4131 1824 4182 didascali
1873 4148 2053 4182 munus
2099 4133 2422 4197 suscepisset,
2480 4135 2613 4199 quod
2652 4133 2843 4197 saepius

754 4225 938 4275 factum
981 4238 1088 4277 esse
1121 4241 1269 4292 supra
1300 4227 1542 4287 vidimus;
1589 4228 1667 4278 sin
1701 4230 1894 4291 minuS,
1931 4230 2029 4281 alia
2063 4231 2288 4282 adeunda
2328 4239 2497 4293 erant,
2533 4233 2666 4283 unde
2700 4244 2843 4294 appa·

753 4331 906 4384 reret,
941 4324 1051 4389 quis
1085 4324 1280 4377 fabulae
1318 4324 1487 4375 suisset
1524 4333 1683 4388 pocta.
