3414 5176
1617 568 1711 639 43

627 799 891 896 (σκευήν)
985 818 1406 881 consecrare,
1469 800 1544 865 ut
1621 802 1890 890 apparet
1981 821 2057 867 ex
2159 799 2387 872 eadem
2490 800 2722 896 Lysiae

617 960 910 1032 oratione
954 959 1031 1052 ¹).

720 1122 812 1193 De
889 1118 1351 1192 comoedorum
1429 1114 1657 1188 itidem
1726 1117 1907 1190 chori
1969 1120 2242 1191 victoria
2307 1143 2346 1192 e
2420 1127 2718 1196 veterum

619 1282 779 1354 locis
829 1279 1086 1378 probari
1136 1300 1266 1349 non
1309 1282 1561 1372 potest,
1615 1278 1791 1371 quod
1843 1278 1924 1349 de
1965 1277 2182 1351 choris
2224 1282 2717 1377 tragoedorum,

620 1443 968 1515 tibicinum
991 1497 1007 1528 ,
1083 1438 1428 1532 chorisque
1513 1438 1737 1533 lyricis
1827 1439 2117 1511 virorum
2192 1464 2719 1538 puerorumque,

619 1605 983 1701 praemium
1032 1599 1231 1694 hujus
1281 1600 1591 1672 victoriae
1640 1599 1964 1695 tripodem
2013 1600 2219 1673 fuisse
2245 1602 2324 1696 ²).

714 1763 1032 1837 Postridie
1082 1761 1394 1834 victoriae
1437 1760 1764 1856 choragus
1800 1760 2167 1833 celebrabat
2209 1761 2493 1851 festum,
2546 1765 2718 1858 quod

618 1933 705 1998 τὰ
753 1929 1017 1997 artum
1070 1922 1427 1994 dicebatur.
1532 1920 1665 1992 Deo
1718 1920 2166 2007 sacrificabat,
2219 1923 2580 1995 amicorum
2632 1924 2722 1996 fa-

625 2084 1112 2175 miliariumque
1199 2080 1559 2176 accipiebat
1644 2080 2157 2174 gratulationeS‚
2234 2081 2451 2155 lautas
2529 2084 2725 2157 dabat

624 2243 886 2341 epulaS,
955 2265 1236 2336 quarum
1303 2241 1653 2335 participes
1715 2247 1901 2311 erant
1962 2239 2315 2313 choreutae
2366 2266 2725 2340 omnesque

626 2406 711 2490 ii,
779 2403 890 2498 qui
959 2393 1041 2473 ad
1110 2401 1450 2476 victoriam
1513 2398 1759 2493 aliquid
1828 2401 2225 2473 attulissent.
2331 2400 2539 2501 Saepe
2591 2430 2724 2478 uno

624 2563 728 2635 die
780 2563 945 2635 festa
993 2587 1126 2637 non
1177 2560 1718 2647 absolvebantur,
1771 2560 2002 2634 diebus
2052 2564 2254 2635 etiam
2298 2566 2725 2660 sequentibus

623 2749 777 2797 cum
817 2724 1234 2823 paucioribus
1275 2725 1527 2795 intimis
1586 2722 1977 2819 epulabatur
2018 2724 2258 2812 victor,
2293 2749 2536 2821 magna
2571 2751 2725 2801 cum

624 2881 965 2958 hilaritate
1017 2885 1352 2958 celebrans
1418 2883 1735 2973 honoreS,
1805 2907 1970 2980 quos
2019 2885 2222 2960 tantis
2272 2888 2487 2975 curis,
2541 2894 2728 2961 tanta

628 3046 1019 3119 liberalitate
1095 3046 1218 3117 sibi
1301 3050 1645 3141 paraverat
1703 3044 1784 3139 3).
1903 3043 2233 3117 Prioribus
2306 3045 2440 3117 illis
2514 3046 2729 3142 epulis

624 3205 851 3312 adesse
876 3260 892 3291 ,
969 3205 1319 3277 choreutae
1391 3206 1500 3299 jus
1566 3226 1764 3274 suum
1830 3203 2313 3276 existimabant.
2416 3202 2486 3275 Si
2560 3206 2727 3279 forte

628 3365 956 3461 choragus
1008 3364 1358 3437 choreutas
1419 3387 1573 3437 suos
1623 3369 1773 3459 post
1823 3365 2164 3437 victoriam
2216 3365 2298 3437 ad
2349 3367 2724 3439 convivium

694 3754 744 3819 l)
773 3753 895 3804 vid.
923 3752 1110 3819 Lysiae
1138 3746 1296 3802 ἀπολ.
1325 3750 1524 3819 δυροδ.
1552 3767 1600 3816 p.
1621 3755 1737 3803 698.
1767 3766 1870 3817 sq.:
1922 3749 2047 3802 νὲπὶ
2082 3749 2148 3803 δὲ
2183 3751 2506 3805 Εὐκλείδου
2540 3752 2730 3825 ἄρχον-

624 3866 719 3905 τος
750 3849 1025 3916 κωμῴδοΐς
1054 3850 1304 3918 χορηγῶν
1331 3847 1697 3917 Κηφισοδότῳ
1729 3848 1945 3918 ἐνίκων,
1981 3850 2077 3900 καὶ
2112 3850 2361 3903 duiletum
2391 3852 2492 3905 σὺν
2525 3856 2599 3918 τῇ
2630 3858 2731 3921 τῆς

626 3949 822 4011 σκευῆς
851 3947 1119 3999 ἀναθέσει
1152 3946 1459 3999 ἑκκαίδεκα
1492 3947 1681 4010 μνᾶς-’ζ
1720 3967 1765 4001 κ.
1804 3965 1854 3999 τ.
1893 3948 1939 4001 λ.
1996 3951 2116 4002 Huc
2146 3967 2343 4018 quoque
2378 3953 2587 4003 fortasse
2618 3967 2725 4018 per-

621 4045 749 4096 tinet
773 4043 1033 4110 Aristoph,
1058 4047 1176 4098 Pac.
1200 4050 1321 4099 7632
1367 4045 1519 4096 ,ἀλλ’
1560 4046 1829 4115 ἀράμενος
1867 4049 1969 4113 τὴν
1998 4049 2196 4114 σκευὴν
2227 4047 2408 4108 εὐθὺς
2433 4048 2726 4119 ἓχῶρουν.”

625 4142 728 4194 Cur
762 4144 897 4193 enim
929 4144 1035 4193 ludi
1068 4145 1399 4196 instrumenta
1432 4145 1665 4197 sustulit?
1718 4146 1794 4195 Ut
1826 4159 1886 4196 ea
1917 4147 2013 4196 deo
2041 4153 2367 4198 consecraret.

691 4240 745 4304 2)
781 4240 896 4289 Hac
930 4240 993 4289 de
1026 4254 1081 4290 re
1112 4241 1175 4291 cf.
1213 4240 1490 4293 Schneider
1524 4243 1614 4297 1.1.
1653 4241 1816 4308 (150).

685 4338 741 4402 3)
776 4338 899 4389 vid.
932 4336 1113 4398 Plato,
1151 4336 1499 4403 symposium,
1535 4356 1582 4403 p.
1610 4343 1733 4400 173,
1771 4338 1840 4390 A.
1877 4355 1924 4403 p.
1950 4341 2069 4400 174,
2108 4339 2173 4389 A.
