3414 5176
1730 443 1822 513 24

718 673 1055 756 Θαργήλια
1111 673 1216 738 καὶ
1266 670 1501 756 ἔλαχον
1562 672 1945 742 Παντακλέα
1990 672 2430 752 διδάσκαλον”,
2478 691 2645 764 quae
2687 693 2829 765 pro-

713 827 876 899 bant
915 828 984 899 in
1025 849 1377 923 puerorum
1411 827 1630 900 choris
1665 825 1945 900 eandem
1986 826 2350 901 obtinuisse
2385 830 2708 902 rationem
2734 828 2826 902 di·

716 986 961 1060 dascali
1012 994 1188 1060 sorte
1238 986 1523 1084 chorago
1572 987 1925 1060 tribuendi.
1999 988 2187 1062 Unde
2235 1012 2368 1062 non
2416 990 2662 1063 nimiae
2712 1013 2825 1064 au·

713 1150 937 1222 daciae
970 1149 1233 1222 videtur
1273 1149 1697 1237 concludere,
1734 1151 1937 1222 etiam
1989 1151 2058 1221 in
2108 1150 2382 1244 tragicis
2424 1151 2825 1246 comicisque

711 1289 927 1384 choris
961 1315 1136 1382 sorte
1168 1310 1508 1382 decretum
1544 1309 1770 1398 fnisse,
1800 1312 2068 1385 cuinam
2110 1311 2546 1407 choragorum
2588 1311 2821 1409 primo,

709 1469 1032 1556 secundo,
1108 1469 1304 1541 tertio
1362 1473 1518 1540 cett.
1580 1473 1952 1546 διδάσκαλον
1996 1471 2242 1567 eligere
2307 1471 2536 1543 liceret
2600 1496 2638 1544 e
2703 1494 2820 1543 nu·

708 1652 891 1703 mero
916 1654 1169 1720 eorum,
1213 1632 1326 1726 qui
1369 1628 1645 1701 Athenis
1664 1636 2228 1719 χοροδιδασκαλίαν
2252 1630 2717 1729 profiterentur
2740 1632 2818 1727 ¹).

805 1792 1054 1866 Locum
1105 1793 1307 1865 etiam
1366 1790 1566 1864 choro
1587 1845 1604 1878 ,
1654 1790 1768 1862 ubi
1819 1796 2233 1862 exerceretur
2254 1847 2271 1880 ,
2338 1791 2605 1889 choragi
2656 1798 2823 1879 erat,

708 1958 847 2030 sive
896 1957 967 2028 in
1015 1955 1225 2051 ipsius
1266 1954 1482 2039 domo,
1520 1952 1660 2025 sive
1703 1949 1857 2022 alibi
1907 1951 2342 2024 commodare.
2397 1952 2822 2051 Antiphontis

626 2147 631 2151 ·
711 2116 939 2206 clienS,
1008 2116 1116 2190 cui
1183 2135 1540 2211 puerorum
1589 2110 1866 2183 chorum
1915 2111 2381 2187 instruendum
2432 2114 2637 2187 fuisse
2682 2114 2820 2208 jam

710 2276 1021 2364 diximus,
1070 2275 1271 2369 hujus
1320 2273 1502 2347 chori
1552 2272 2132 2346 exercitationibus
2182 2275 2418 2347 domus
2468 2296 2629 2347 suae
2670 2295 2821 2345 con-

709 2437 895 2511 clave
969 2437 1198 2524 cessit,
1274 2456 1404 2531 quo
1480 2433 1616 2528 jam
1693 2437 1848 2504 ante
1915 2434 2085 2506 alius
2143 2434 2385 2508 chorus
2408 2486 2438 2522 ,‚
2491 2434 2821 2530 Dionysiis

782 2867 836 2933 1)
886 2865 1006 2916 Huc
1036 2866 1287 2930 pertinere
1317 2863 1578 2919 videntur,
1615 2859 1811 2909 etiamsi
1845 2856 2190 2923 quaestionem
2235 2869 2338 2905 non
2374 2853 2640 2914 dirimant,
2688 2870 2817 2919 quae

708 2963 840 3027 apud
894 2961 1286 3026 Aristophanem
1334 2958 1648 3022 reperiuntur
1709 2956 1764 3005 in
1826 2954 2053 3013 Avibus,
2119 2968 2152 3002 a
2205 2950 2465 3001 Boeckhio
2504 2950 2667 3001 citatis
2716 2949 2815 3015 (vs.

714 3065 841 3110 1403
868 3060 1020 3125 sqq.),
1046 3058 1135 3109 ubi
1164 3057 1409 3116 CinesiaS,
1442 3054 1873 3120 dithyramborum
1899 3057 2074 3117 poeta,
2109 3063 2266 3114 quum
2297 3047 2818 3113 Nephelococcygiam

708 3158 927 3208 venisset
959 3157 1126 3220 ibique
1158 3170 1191 3204 ο,
1226 3155 1512 3204 Pithetaero
1543 3152 1827 3217 vapularet:
1866 3172 1889 3194 ιι
1905 3146 2074 3197 ταυτὶ
2116 3144 2481 3212 πεποίηκας”,
2513 3145 2698 3212 inquit,

1027 3249 1240 3300 υταυτὶ
1277 3248 1585 3315 πεποίηκας
1620 3249 1718 3296 τὸν
1752 3243 2286 3296 κυκλιοδιδάσκαλον

1033 3348 1129 3406 ιὸς
1158 3352 1309 3397 ταῖσι
1341 3345 1540 3406 φυλαῖς
1567 3345 1944 3416 περιμάχητός
1984 3345 2093 3407 εἰμ’
2134 3342 2250 3410 ἄεις

703 3452 883 3516 quibus
907 3449 1174 3513 respondet
1206 3446 1548 3496 Pithetaerus:

1025 3542 1262 3607 ,βούλει
1299 3540 1590 3591 διδάσκειν
1624 3540 1723 3589 καὶ
1757 3542 1888 3608 παρ’
1925 3538 2059 3603 ἡμῖν
2085 3521 2181 3586 οὖν
2210 3535 2383 3599 μένων

1026 3668 1048 3687 n
1066 3640 1436 3710 Λεωτροφίδῃ
1471 3639 1637 3708 χορὸν
1668 3637 1984 3700 πετομένων
2020 3634 2212 3705 ὀρνέων

1021 3763 1043 3784 u
1067 3739 1383 3808 κερκυπίδα
1410 3737 1586 3804 φυλήν
1598 3737 1650 3805 ;''
1815 3809 1822 3816 ·

717 3849 767 3893 et
798 3842 938 3891 locus
972 3840 1325 3904 Xenophontis
1355 3839 1573 3887 Memor.
1607 3836 1726 3894 111,
1759 3839 1815 3896 4,
1856 3837 1886 3897 ξ
1919 3839 1978 3883 4:
2032 3829 2170 3879 unul
2198 3829 2305 3894 μήν
2338 3823 2472 3877 οὐδὲ
2507 3824 2655 3895 ᾠδῆς
2688 3844 2752 3891 γε
2785 3826 2816 3876 ὁ

701 3936 1074 4003 Ἀντισθένης
1102 3933 1237 3985 οὐδὲ
1254 3933 1430 4002 χορῶν
1454 3929 1827 3988 διδασκαλίας
1856 3927 2116 3998 ἴμπειρος
2144 3926 2213 3976 ὢν
2240 3925 2376 3987 ὅμως
2391 3922 2606 3991 ἐγένετο
2628 3924 2816 3983 ἱκανὸς

705 4036 893 4106 εὑρεῖν
928 4036 1057 4091 τοὺς
1087 4034 1413 4104 κρατίστους
1446 4029 1685 4089 ταῦτα”;
1718 4043 1846 4093 quae
1875 4026 2230 4091 Xenophontis
2256 4027 2432 4086 verba,
2461 4025 2517 4074 ni
2544 4024 2715 4085 fallor,
2750 4037 2811 4074 eo

701 4141 948 4201 spectant,
995 4136 1129 4200 quod
1182 4134 1540 4195 chorQorum,
1587 4129 1766 4194 quibus
1811 4140 1917 4175 sors
1963 4124 2183 4186 favisset,
2221 4139 2372 4188 quam
2404 4124 2627 4177 maxime
2659 4122 2807 4173 inter·

703 4241 832 4293 erut,
868 4233 1079 4297 optimos
1115 4231 1207 4280 sibi
1244 4230 1427 4293 eligere
1463 4224 1908 4278 chorodidascalos
