3414 5176
1763 570 1854 639 34

756 792 1140 867 studebant:
1213 797 1561 879 »μεγάλην
1616 801 1726 878 ἤδη
1788 799 1931 867 τότε
2000 802 2262 878 σπουδὴν
2328 803 2432 869 καὶ
2497 807 2866 888 φιλοτιμίαν

753 959 862 1024 τοῦ
962 956 1199 1034 ἀγῶνος
1290 952 1589 1034 ἔχοντος”
1683 946 2082 1021 Plutarchus
2155 949 2348 1038 dicit,
2433 952 2708 1047 loquens
2781 954 2866 1025 dc

757 1108 972 1177 aetate
1022 1101 1485 1174 Themistoclis
1530 1101 1576 1195 ¹)
1602 1155 1618 1188 ,
1686 1108 1756 1172 et
1805 1101 2006 1174 etiam
2056 1104 2407 1177 serioribus
2449 1105 2693 1178 liberae
2741 1109 2863 1180 rei-

754 1258 1053 1354 publicae
1112 1255 1517 1352 temporibus
1574 1254 1750 1326 idem
1800 1256 2096 1329 studium
2145 1258 2540 1349 obtinuisse,
2593 1269 2863 1357 apparet

750 1436 833 1493 ex
890 1411 1189 1508 exemplo
1255 1432 1454 1505 supra
1523 1409 1789 1482 laudato
1856 1410 2119 1484 clientis
2175 1413 2355 1486 illius
2412 1414 2680 1511 Lysiae,
2748 1417 2861 1513 qui

754 1567 930 1639 intra
994 1588 1231 1639 novem
1293 1587 1613 1636 annorum
1674 1565 1963 1660 spatium
2013 1572 2269 1638 tantam
2320 1571 2640 1664 pecuniae
2688 1595 2867 1643 sum-

755 1745 935 1795 mam
984 1721 1054 1792 in
1104 1719 1393 1815 liturgiis
1458 1718 1902 1815 impenderat,
1953 1742 2078 1792 nec
2128 1721 2351 1794 minus
2418 1746 2679 1813 eorum,
2746 1727 2859 1822 qui
2887 1690 2904 1703 .

753 1883 970 1949 totum
1019 1874 1488 1972 patrimonium
1539 1872 1857 1946 obeundis
1909 1874 2198 1970 liturgiis
2236 1887 2805 1974 consumpserant.

847 2030 1036 2103 Unde
1100 2029 1559 2126 explicandum
1626 2028 1752 2099 hoc
1819 2027 2149 2119 studium,
2210 2031 2401 2103 cuius
2470 2055 2671 2106 causa
2727 2057 2859 2105 non

753 2188 915 2259 satis
981 2189 1251 2281 apparet
1301 2206 1339 2255 e
1398 2181 1884 2279 superioribuS,
1928 2182 1998 2252 in
2049 2185 2288 2280 quibus
2346 2148 2455 2257 vix
2505 2189 2856 2283 quicquam

753 2340 1097 2435 attigimus
1147 2344 1407 2433 praeter
1456 2360 1652 2410 curas
1703 2344 1771 2408 et
1823 2344 2131 2434 sumptus
2182 2338 2669 2436 choragorum‘?

843 2492 1059 2590 Supra
1086 2492 1224 2588 jam
1258 2492 1950 2581 commemoravimus,
1980 2493 2365 2588 choragum,
2393 2501 2469 2568 ut
2495 2497 2818 2592 liturgum
2841 2553 2858 2583 ,

747 2650 1086 2748 publicum
1152 2671 1399 2720 munus
1457 2647 1699 2720 obiisse
1747 2654 1817 2718 et
1865 2649 2055 2744 quasi
2105 2650 2500 2743 magistratu
2550 2650 2855 2723 functum

748 2828 925 2892 esse,
987 2803 1098 2899 qui
1166 2801 1597 2896 magistratus
1655 2803 1717 2873 ei
1788 2802 1938 2896 jura
2014 2802 2200 2874 daret
2266 2803 2333 2873 in
2394 2804 2606 2893 cives,
2672 2830 2731 2879 e,
2787 2831 2850 2903 g.

747 2982 860 3033 eos
910 2957 1140 3030 multis
1206 2956 1344 3029 sive
1410 2957 1728 3054 capiendo
1777 2957 2051 3054 pignore
2102 2956 2399 3052 cogendi.
2502 2955 2632 3030 Sed
2673 2983 2855 3056 prae·

744 3123 959 3201 terea,
1026 3111 1200 3209 quod
1258 3113 1523 3184 nomine
1565 3113 1703 3207 jam
1755 3108 2112 3208 significari
2163 3111 2479 3199 vidimus,
2531 3112 2664 3184 dux
2712 3121 2857 3186 erat

746 3269 948 3342 chori.
1052 3265 1138 3336 Ut
1197 3266 1594 3340 trierarchus
1642 3272 1943 3362 praeerat
1981 3265 2168 3354 navi,
2220 3290 2420 3363 quam
2456 3276 2855 3357 armaverat,

745 3428 838 3499 ita
913 3423 1198 3518 chorago
1273 3421 1690 3493 moderamen
1782 3418 2217 3493 mandabatur
2282 3424 2610 3510 omnium,
2687 3446 2857 3518 quae

748 3581 828 3652 ad
880 3578 1152 3651 chorum
1204 3576 1412 3672 ipsius
1463 3576 1737 3671 eiusque
1788 3580 2122 3647 certamen
2180 3577 2586 3672 pertinerent

843 3732 1123 3820 Deinde,
1173 3732 1450 3804 victoria
1488 3735 1852 3826 reportata,
1904 3731 2128 3826 magni
2169 3730 2449 3802 honores
2490 3728 2852 3826 choragum

747 3891 1063 3966 victorem
1097 3885 1487 3971 manebant,
1529 3904 1663 3953 non
1703 3889 1968 3956 tantum
2002 3887 2144 3980 ipso
2179 3885 2491 3957 victoriae
2524 3892 2817 3983 tempore
2835 3941 2851 3974 ,

745 4044 860 4117 sed
926 4068 1041 4141 per
1105 4043 1312 4114 totius
1351 4039 1527 4111 vitae
1578 4039 1903 4135 spatium,
1947 4038 2118 4133 quod
2170 4038 2340 4110 infra
2403 4041 2845 4115 ostendemus.

816 4378 868 4445 1)
903 4377 1023 4429 vid.
1059 4374 1313 4428 Plutarch.
1349 4375 1402 4426 in
1436 4374 1560 4425 Vita
1593 4373 1973 4438 Themistoclis,
2005 4390 2048 4424 c.
2086 4379 2135 4424 5.
