3414 5176
1593 558 1680 628 57

595 784 726 858 lich
789 786 857 855 in
920 784 1241 856 einsamer
1294 781 1517 854 Miisze
1566 781 1928 878 gedichtet,
1980 783 2227 855 konnte
2279 809 2360 856 an
2413 786 2554 858 sich
2606 788 2698 858 im

601 941 1023 1015 offentlichen
1073 940 1296 1012 Leben
1345 940 1530 1012 nicht
1581 942 1649 1013 in
1700 939 2010 1012 Betracht
2068 940 2445 1013 kommen.’'
2478 941 2552 1037 ¹).

693 1100 761 1173 Si
828 1101 992 1173 haec
1058 1099 1275 1187 verba,
1345 1099 1520 1195 quod
1570 1096 1735 1170 mihi
1785 1100 1965 1171 omni
2019 1100 2216 1172 dubio
2265 1102 2479 1195 majus
2530 1102 2703 1173 vide-

596 1266 731 1346 tur,
802 1283 1047 1331 veram
1091 1261 1185 1331 rei
1245 1265 1550 1330 naturam
1605 1263 1804 1352 atque
1852 1247 2173 1330 rationem
2224 1257 2539 1345 referunt,
2591 1258 2705 1330 du-

599 1416 792 1488 bitari
858 1439 990 1488 non
1058 1423 1302 1513 potest,
1355 1417 1513 1512 quin
1563 1438 1641 1486 ea
1690 1437 1974 1510 quoque,
2026 1439 2194 1510 quae
2246 1415 2327 1486 de
2377 1416 2706 1489 didascalo

599 1597 837 1645 nomen
888 1572 1235 1670 profitente
1286 1578 1354 1643 et
1403 1572 1677 1645 chorum
1728 1578 1994 1668 petente
2045 1574 2424 1661 statuimuS,
2477 1595 2704 1644 revera

590 1732 685 1801 ita
737 1753 807 1801 se
859 1730 1205 1803 habuerint
1234 1728 1310 1824 ²).

689 1888 863 1962 Haec
939 1913 1145 1984 quum
1222 1894 1559 1975 constent,
1636 1910 1768 1958 non
1845 1896 2066 1959 tamen
2142 1911 2702 1985 supervacaneum

595 2045 856 2116 videtur
904 2047 1147 2117 iterum
1199 2067 1487 2130 monere,
1540 2045 1622 2115 iis
1662 2046 1848 2133 locis,
1901 2046 2011 2118 ubi
2063 2048 2203 2118 sive
2244 2052 2523 2133 veteres,
2568 2046 2704 2118 sive

597 2204 995 2275 recentiores
1045 2202 1125 2273 de
1175 2201 1545 2273 fabularum
1596 2203 1665 2272 in
1709 2227 1974 2274 scenam
2016 2205 2394 2278 inductione
2445 2204 2706 2298 loquen-

603 2366 705 2430 tes
780 2367 1014 2455 poetae
1079 2361 1480 2430 mentionem
1524 2360 1797 2449 faciunt,
1850 2386 2106 2460 semper
2154 2363 2287 2436 fere
2335 2363 2704 2458 intelligen-

599 2514 754 2585 dum
807 2538 953 2586 esse
1016 2514 1443 2604 didascalum,
1496 2518 1737 2614 quippe
1788 2519 1895 2592 cui
1947 2521 2067 2592 soli
2117 2521 2186 2592 in
2236 2519 2476 2594 fabulis
2517 2520 2700 2592 insti-

590 2670 853 2741 tuendis
906 2674 1101 2764 atque
1155 2670 1424 2763 agendis
1475 2696 1672 2745 suum
1718 2698 1963 2747 munus
2014 2676 2231 2748 fuerit.

688 2823 1001 2909 Quaestio
1076 2833 1298 2896 tamen
1374 2827 1602 2915 oritur,
1672 2829 1820 2923 quis
1871 2828 2070 2902 fuerit
2119 2828 2493 2900 didascalus
2543 2828 2696 2899 ille?

583 2977 816 3050 Utrum
884 2979 1060 3049 idem
1119 2977 1317 3049 fuerit
1368 3004 1444 3050 ac
1495 2980 1677 3052 chori
1728 2984 2046 3076 magister
2097 3008 2179 3054 an
2233 2984 2360 3054 alio
2409 2980 2692 3074 quodam

582 3131 650 3200 in
717 3132 1008 3203 docenda
1075 3130 1296 3202 fabula
1345 3155 1616 3206 munere
1668 3135 1938 3206 functus
1981 3135 2114 3204 sit?
2183 3135 2325 3205 Uno
2367 3132 2694 3204 Boeckhio
2733 3143 2739 3147 ’

583 3290 876 3378 excepto,
929 3306 1146 3369 nemo,
1194 3284 1261 3353 ni
1315 3284 1523 3372 fallor,
1568 3286 1693 3358 hac
1736 3289 1817 3359 de
1858 3311 1929 3359 re
1972 3287 2326 3361 dubitavit:
2383 3293 2688 3361 statuunt

654 3648 704 3711 1)
756 3649 879 3699 vid.
913 3647 972 3700 C.
1005 3647 1320 3708 0.-Mfi110r,
1356 3647 1536 3699 Gesch.
1573 3648 1622 3695 d.
1658 3644 1846 3708 grieeh.
1880 3644 2005 3694 Litt.
2040 3645 2128 3705 11,
2163 3660 2211 3709 p.
2246 3647 2323 3694 79.

651 3746 707 3810 2)
757 3747 943 3796 Iisdem
988 3747 1093 3797 fere
1127 3762 1185 3795 ae
1217 3746 1495 3795 Muellerus
1526 3742 1694 3794 verbis
1728 3742 2006 3808 Geppertus
2040 3743 2161 3808 (Die
2190 3742 2453 3807 altgriech.
2477 3742 2685 3803 Biihne‚

585 3860 632 3908 p.
669 3848 795 3902 280,
827 3841 912 3908 2):
955 3867 975 3885 n
997 3843 1079 3895 Ob
1107 3844 1267 3893 dieser
1297 3844 1408 3905 (der
1433 3841 1756 3902 Didaskalos)
1794 3857 1898 3891 nun
1929 3842 2214 3892 ausserdem
2243 3841 2368 3891 auch
2390 3841 2520 3890 noch
2536 3839 2688 3889 Dich-

584 3949 662 3990 ter
699 3955 830 4001 war,
862 3942 1056 3993 konnte
1087 3942 1391 4006 wenigstens
1423 3957 1515 3991 vor
1547 3943 1635 3991 der
1668 3941 1904 3992 Behiirde
1930 3940 2070 3990 nicht
2094 3940 2147 3988 in
2174 3939 2416 3989 Betracht
2429 3938 2687 3996 Romen,

586 4039 653 4087 da
679 4052 798 4087 man
831 4038 931 4088 den
959 4037 1259 4089 Didaskalos
1293 4039 1380 4089 des
1416 4037 1631 4088 Stiickes
1665 4038 1937 4088 bekriinzte
1964 4037 2070 4085 und
2104 4035 2244 4084 nieht
2274 4035 2369 4083 den
2400 4031 2685 4095 ποιητής.”

584 4134 796 4199 Copiose
820 4134 916 4183 hae
943 4136 1005 4185 de
1035 4148 1090 4184 re
1121 4136 1225 4199 agit
1252 4134 1589 4199 Wolfgangus
1617 4133 1815 4197 Helbig
1842 4133 1896 4182 in
1924 4130 2370 4189 commentatione,
2406 4113 2488 4178 cui
2510 4128 2684 4180 titulus

582 4239 678 4281 cst:
729 4231 1098 4292 uQuaestiones
1130 4232 1391 4282 scenicae''
1429 4233 1699 4296 (Bonnam,
1736 4231 1917 4292 IIenry
1955 4236 2004 4278 ct
2042 4227 2245 4285 Cohen,
2283 4226 2446 4290 1861),
2483 4240 2548 4278 cx
2581 4243 2679 4292 qua

581 4327 998 4379 commentatione
1035 4328 1277 4378 nonnulla
1307 4330 1571 4391 desumpsi.
