3414 5176
1629 572 1722 639 99

622 797 951 870 Boeckhio
1000 796 1511 869 existimandum
1561 802 1696 884 est,
1749 797 1819 868 in
1870 757 1995 867 hac
2037 776 2392 868 didascalia
2426 798 2714 894 conspici

622 957 1105 1031 didascalorum
1170 957 1481 1031 victoriae
1545 965 2093 1045 monumentum,
2160 958 2334 1053 quod
2402 957 2481 1028 ab
2538 959 2718 1030 omni

621 1126 808 1216 parte
856 1140 1011 1193 cum
1061 1118 1507 1223 monumentis
1557 1119 1965 1216 choragicis,
2015 1117 2238 1214 qualia
2286 1140 2366 1190 ea
2413 1119 2717 1214 cognovi-

622 1301 806 1368 muS,
856 1282 942 1352 sit
992 1279 1526 1377 comparandum.

715 1438 883 1514 Cum
932 1440 1242 1516 Richtero
1281 1441 1506 1539 potius
1542 1439 2005 1528 statuendum,
2047 1440 2115 1511 id
2155 1440 2533 1538 exemplum
2573 1462 2752 1512 esse*

617 1603 1070 1698 catalogorum
1143 1603 1409 1677 illorum
1475 1600 2059 1688 didascalicorum,
2158 1623 2368 1696 nquos
2456 1599 2719 1697 publico

617 1771 843 1837 sumtu
895 1764 1103 1837 factos
1151 1786 1297 1837 esse
1318 1819 1335 1854 ,
1385 1763 1511 1836 etsi
1560 1768 1861 1837 veterum
1927 1761 2190 1849 nulluS,
2242 1762 2419 1858 quod
2467 1762 2714 1851 sciam,

615 1924 923 2013 tradidit,
990 1932 1062 1996 et
1123 1926 1192 1997 in
1252 1926 1513 1998 theatro
1579 1924 1896 2010 maxime,
1964 1923 2034 1994 in
2085 1921 2352 2020 Dionysi
2404 1923 2556 1995 fano
2577 1976 2601 2011 „
2645 1923 2716 1994 in

618 2091 758 2156 toto
806 2084 1048 2158 Lenaei
1100 2107 1259 2182 agro
1325 2107 1513 2159 sacro
1559 2083 1908 2188 „depositos
1957 2082 2150 2158 esse''
2204 2104 2320 2180 per
2367 2107 2443 2156 se
2488 2089 2713 2181 patere

617 2245 781 2318 dicit
821 2246 865 2316 l.
896 2271 949 2319 s.
981 2247 1024 2318 l.
1104 2244 1251 2332 Qua
1292 2246 1374 2317 de
1414 2269 1486 2317 re
1521 2246 1707 2341 (num
1743 2242 2011 2340 publico
2049 2249 2322 2341 sumptu
2365 2245 2501 2316 sint
2523 2244 2706 2339 facti)

617 2405 774 2478 licet
823 2403 1107 2478 dubitari
1159 2407 1404 2502 possit,
1465 2406 1640 2509 inter
1685 2426 1948 2495 omnes,
2016 2406 2084 2477 ni
2134 2405 2324 2480 fallor
2345 2461 2361 2493 ,
2414 2408 2712 2491 constat,

615 2565 783 2639 tales
808 2566 1143 2663 catalogos
1168 2591 1532 2665 numquam
1574 2572 1965 2663 argumento
1998 2591 2143 2641 esse
2177 2590 2368 2666 posse
2400 2565 2713 2641 Boeckhii

616 2728 1015 2816 sententiae,
1067 2752 1105 2800 e
1154 2752 1284 2826 qua
1335 2727 1709 2802 didascalus
1757 2728 1826 2800 in
1878 2729 2138 2803 scenico
2179 2728 2541 2802 certamine
2579 2728 2716 2800 fue-

619 2887 707 2959 rit
755 2887 967 2961 victor
985 2943 1003 2977 ,
1068 2890 1261 2986 cujus
1317 2888 1633 2961 didascali
1699 2888 2013 2963 victoriae
2062 2891 2357 2964 tribuum
2407 2890 2717 2985 chorago·

621 3072 900 3146 rumque
948 3050 1224 3123 victoria
1273 3050 1367 3122 nil
1418 3048 1545 3121 nisi
1598 3047 2122 3123 additamentum
2158 3059 2356 3147 atque
2399 3049 2718 3148 appendix

625 3207 948 3305 quaedam
997 3199 1215 3280 fuerit.

720 3367 963 3442 Contra
1011 3391 1051 3439 e
1090 3367 1582 3465 disquisitione,
1625 3392 1826 3465 quam
1870 3393 1992 3443 nos
2039 3371 2177 3445 hac⁸
2199 3371 2282 3443 de
2320 3393 2392 3442 re
2432 3370 2719 3442 institui-

627 3552 778 3604 mus
799 3585 817 3619 ,
868 3530 1209 3629 apparuit,
1275 3530 1739 3619 victoriarum,
1790 3554 1955 3627 quas
2002 3531 2216 3604 tribus
2264 3487 2727 3627 reportarunt,

626 3690 889 3787 publica
960 3688 1284 3787 hodieque
1358 3698 1614 3763 exstare
1688 3699 2152 3780 monumenta3
2220 3714 2449 3780 earum
2472 3748 2488 3780 ,
2555 3716 2719 3788 quas

629 3849 964 3939 didascali,
1015 3851 1296 3926 nullum.

651 3989 657 3995 ⁴
725 4011 917 4106 Apud
974 4012 1150 4109 ipsos
1200 4020 1422 4087 autem
1488 4021 1744 4088 veteres
1765 4071 1783 4104 ,
1841 4015 2098 4111 quoties
2147 4016 2230 4086 de
2279 4015 2540 4087 scenico
2590 4039 2724 4087 cer-

632 4172 881 4246 tamine
946 4174 1308 4268 loquuntur
1330 4232 1346 4263 ,
1408 4175 1489 4247 de
1539 4175 1888 4248 chororum
1938 4175 2295 4247 certamine
2347 4180 2542 4269 atque
2592 4176 2722 4247 vic·
2758 4269 2761 4270 ᾗ

636 4337 803 4412 toria
867 4336 1268 4411 mentionem
1325 4335 1464 4409 fieri
1531 4338 1929 4434 reperimus:
1993 4344 2420 4411 monumenta
2468 4358 2724 4432 quoque
