3414 5176
1752 514 1783 551 ff

1749 517 1838 583 08

732 761 958 808 omnes
982 792 997 823 ,
1049 737 1454 808 didascalum
1506 739 1790 813 eundem
1836 765 1911 811 ac
1953 741 2131 812 chori
2176 744 2569 838 magistrum
2613 745 2832 816 fuisse.

729 895 1097 967 Boeckhius
1142 900 1366 965 contra
1419 917 1457 966 a
1498 897 1757 992 vulgari
1798 897 2141 972 discedens
2192 901 2539 987 sententia,
2577 906 2836 996 poetam
2888 991 2891 994 Α

729 1054 929 1147 vulgo
979 1016 1387 1126 didascalum
1436 1053 1640 1126 fuisse
1690 1058 2052 1146 contendit,
2103 1059 2294 1154 cujus
2343 1059 2656 1133 didascali
2698 1083 2839 1130 mu-

729 1236 855 1283 nus
931 1212 1128 1284 fuerit
1209 1211 1561 1283 histriones
1638 1214 1987 1287 instituere
2063 1225 2129 1288 et
2196 1218 2463 1302 docere;
2557 1218 2636 1289 ab
2710 1217 2835 1289 hoc

727 1393 881 1441 vero
955 1371 1211 1466 proprie
1285 1372 1386 1441 ita
1441 1369 1616 1441 dicto
1686 1371 2018 1444 didascalo
2080 1374 2622 1470 distinguendum
2689 1398 2833 1446 esse

728 1523 1367 1610 chorodidascalum,
1469 1521 1793 1596 inferioris
1884 1528 2274 1601 conditionis
2372 1529 2706 1600 hominem
2797 1553 2835 1598 a

727 1680 1011 1776 chorago
1092 1681 1394 1754 mercede
1471 1681 1895 1770 conductum,
1974 1694 2048 1756 ut
2122 1687 2394 1759 chorum
2471 1711 2669 1758 suum
2743 1687 2835 1756 in·

727 1842 1034 1913 stitueret
1062 1841 1136 1934 ¹).

825 1999 998 2072 Haec
1039 1998 1351 2070 Boeckhii
1391 2002 1721 2072 sententia
1771 2024 1977 2095 quum
2028 1998 2372 2072 cohaereat
2422 2022 2575 2084 cum
2626 1997 2832 2092 ipsius

723 2156 1028 2252 opinione
1078 2156 1386 2228 universa
1435 2157 1517 2228 de
1567 2157 1827 2230 fabulae
1877 2156 2204 2228 docendae
2252 2157 2524 2241 ratione,
2577 2177 2656 2225 ex
2705 2177 2834 2247 qua

726 2315 999 2387 chorum
1068 2314 1147 2385 ab
1215 2315 1359 2410 ipsa
1434 2315 1653 2388 fabula
1721 2339 1986 2411 prorsus
2053 2316 2364 2411 sejungit,
2433 2313 2692 2411 fabulae
2739 2313 2834 2382 in-

728 2466 1158 2544 structionem
1224 2478 1563 2544 externam
1622 2474 1899 2559 civitati‚
1952 2472 2130 2543 chori
2181 2471 2464 2566 chorago
2516 2472 2831 2556 tribuenS‚

727 2632 985 2704 fabulae
1085 2630 1569 2703 institutionem
1663 2639 1916 2728 poetae,
2010 2631 2188 2702 chori
2265 2630 2830 2716 chorodidasca103

726 2809 1062 2883 quumque
1150 2787 1314 2858 haec
1398 2789 1749 2874 sententia,
1843 2789 1948 2860 cui
2035 2790 2337 2859 assentiri
2415 2812 2828 2890 nequaquam

728 2941 1100 3038 possumuS,
1145 2944 1387 3013 summi
1438 2944 1562 3014 viri
1605 2943 2102 3024 commendetur
2144 2944 2569 3029 auctoritate‚·
2599 2963 2832 3050 operae

727 3097 1024 3191 pretium·
1071 3098 1195 3168 erit
1245 3096 1543 3169 funditus
1593 3120 1740 3168 eam
1792 3104 2101 3171 evertere.

802 3251 919 3321 ‘De
979 3274 1057 3321 ea
1118 3252 1481 3322 sententiae
1543 3260 1751 3347 parte,
1804 3276 1973 3347 quae
2025 3253 2107 3323 ad
2157 3258 2491 3323 externam
2550 3250 2832 3345 pertinet

729 3412 796 3476 et
849 3405 1109 3477 fabulae
1158 3415 1225 3476 et
1276 3403 1455 3476 chori
1508 3407 2034 3492 instructionem,
2076 3406 2247 3476 infra
2299 3404 2683 3477 videbimus.

805 3811 855 3876 l)
910 3812 1029 3875 Ipsa
1061 3814 1310 3865 Boeckhii
1338 3818 1497 3867 verba.
1523 3816 1675 3882 (quae
1706 3819 2022 3882 reperiuntur
2048 3817 2103 3865 in
2131 3830 2280 3880 opere
2313 3815 2506 3879 saepius
2525 3815 2635 3879 jam
2652 3814 2829 3865 citato:

735 3907 928 3959 Athen.
956 3908 1177 3960 Staatsh.
1204 3926 1253 3976 p.
1284 3914 1381 3963 487
1399 3953 1412 3974 ,
1453 3919 1503 3963 le
1551 3914 1693 3979 edit.)
1730 3915 1801 3963 ita
1833 3929 1888 3964 se
1920 3913 2131 3963 habent:
2172 3913 2314 3962 ’Βοι-
2338 3911 2547 3963 Dichter
2571 3913 2732 3965 lehrte
2750 3913 2833 3963 die

737 4004 1093 4072 Schauspieler
1134 4011 1460 4075 unabhiingig
1501 4027 1618 4061 vom
1665 4010 1931 4074 Choragen
1966 4012 2075 4071 ein3
2109 4026 2239 4075 ganz
2265 4011 2446 4061 anders
2477 4012 2595 4062 aber
2620 4009 2833 4062 verhielt

737 4116 788 4151 es
815 4103 918 4152 sich
954 4105 1049 4153 mit
1081 4106 1170 4155 der
1203 4107 1519 4172 Einlehrung
1551 4110 1638 4158 des
1672 4107 1832 4157 Chors
1864 4136 1931 4145 -—-
1963 4109 2060 4157 den
2091 4107 2227 4158 Chor
2257 4116 2450 4161 muszte
2481 4111 2571 4161 der
2601 4108 2830 4171 Chorege

734 4199 889 4248 durch
940 4202 1087 4251 einen
1138 4203 1328 4255 Lehrer
1362 4202 1891 4270 (χοροδιδάσκαλος)
1932 4206 2268 4258 unterrichten
2312 4209 2474 4258 lassen
2515 4208 2620 4258 und
2657 4207 2828 4258 diesen

733 4297 877 4346 dafur
913 4299 1202 4350 bezahlen.''
