3414 5176
1703 535 1791 604 72

687 761 1016 838 ornandae
1065 759 1595 854 histrionumque
1645 759 1998 856 magnifice
2034 760 2524 832 vestiendorum
2568 783 2788 854 sump·
2870 761 2874 766 ’

689 925 868 997 tibus
889 981 904 1012 ,
957 947 996 995 a
1045 921 1313 995 civitate
1346 919 1638 993 subsidia
1680 921 2013 1017 accepisse
2049 920 2414 993 credendus
2462 927 2584 993 est.
2664 917 2787 989 Ubi

689 1087 896 1183 igitur
919 1086 990 1157 in
1016 1081 1311 1157 secunda
1333 1081 1661 1154 Midianae
1685 1080 2037 1179 hypothesi
2062 1082 2372 1178 legimUS,
2416 1087 2794 1169 »ἐλάμβανε

691 1254 777 1326 εἰς
833 1255 1011 1318 τοῦτο
1054 1248 1456 1332 χρήματαε”,
1511 1242 1680 1314 haec
1745 1241 2013 1315 traditio
2078 1267 2311 1339 parum
2378 1241 2752 1316 verisimilis
2775 1299 2791 1331 ,

690 1404 804 1478 ubi
869 1407 1128 1501 spectat
1189 1425 1267 1472 ea
1290 1454 1307 1488 ,
1358 1423 1526 1495 quae
1576 1402 1987 1497 praecedunt
2034 1403 2267 1479 verba:
2338 1439 2366 1468 n
2387 1413 2472 1485 εἰς
2535 1409 2605 1476 τὸ
2664 1409 2796 1492 τρέ-

689 1576 832 1654 φειν
874 1569 979 1637 τὸν
1023 1565 1237 1648 χορόνς
1300 1561 1415 1633 sed
1474 1562 1612 1634 veri
1671 1564 2003 1658 quandam
2071 1564 2311 1659 accipit
2360 1562 2647 1660 speciem
2671 1618 2686 1649 ,
2738 1564 2794 1635 si

693 1747 840 1796 eam
940 1721 1020 1793 ad
1113 1720 1319 1792 totius
1410 1720 1669 1795 fabulae
1770 1722 2099 1795 docendae
2183 1729 2490 1819 sumptus
2580 1722 2797 1794 referi-

691 1909 866 1957 mus.
968 1880 1180 1954 Multa
1253 1887 1478 1954 tamen
1550 1883 1623 1954 in
1695 1882 1824 1956 hoc
1896 1888 2290 1978 argumento
2364 1885 2434 1955 in
2506 1884 2794 1955 tenebris

693 2044 977 2131 versari,
1063 2041 1398 2115 confiteor.
1490 2043 1696 2116 ‘Licet
1785 2044 1963 2116 enim
2054 2044 2405 2139 rejicienda
2494 2043 2796 2117 videatur

696 2204 1008 2279 Boeckhii
1094 2204 1422 2276 sententia
1445 2258 1461 2291 ,
1554 2228 1635 2276 ex
1716 2228 1847 2300 qua
1935 2204 2263 2301 choragus
2346 2205 2544 2276 unius
2618 2202 2798 2276 chori

693 2371 1002 2462 sumptus
1053 2362 1372 2450 faciebat,
1423 2370 1649 2436 tamen
1690 2364 2196 2459 quaerentibus»,
2250 2387 2576 2460 quaenam
2617 2388 2797 2461 prae-

694 2535 879 2600 terea
925 2523 1052 2622 ipsi
1088 2523 1484 2622 praestanda
1519 2521 1802 2613 fuerint,
1854 2548 2181 2620 quaenam
2215 2525 2507 2611 civitati,
2557 2525 2627 2595 in
2668 2525 2800 2620 ple-

698 2690 924 2782 risque
971 2684 1248 2756 candide
1298 2685 1638 2758 fatendum
1688 2708 1821 2757 non
1874 2685 2125 2782 liquere
2169 2687 2245 2782 ¹).

798 2845 1073 2918 Etiamsi
1124 2869 1279 2920 vero
1321 2845 1647 2941 choragus
1688 2868 1920 2917 omnes
1956 2848 2437 2919 commissionis
2488 2852 2796 2942 sumptus

695 3031 831 3081 non
880 3007 1148 3095 fecerit,
1202 3014 1400 3103 atque
1449 3007 1533 3078 ad
1582 3004 1758 3079 hanc
1806 3031 1949 3080 rem
1999 3007 2293 3080 subsidia
2336 3008 2663 3104 acceperit
2713 3030 2793 3078 ex

705 3170 953 3241 aerario
1016 3168 1308 3265 publicO,
1369 3167 1511 3239 fieri
1562 3167 1994 3240 nihilominus
2042 3169 2298 3265 potuit,
2352 3131 2451 3241 ut¹
2480 3170 2542 3240 ei
2593 3169 2798 3240 totius

702 3332 843 3403 ludi
892 3330 1313 3402 moderamen
1365 3329 1565 3400 fuerit
1613 3330 2021 3401 mandatum.
2125 3329 2262 3401 Hoc
2302 3311 2560 3423 quoque
2601 3333 2802 3422 negat

705 3491 1097 3565 Boeckhius.
1200 3490 1413 3587 Supra
1449 3490 1585 3585 jam
1622 3490 1909 3565 vidimus
1933 3546 1948 3577 ,
1993 3512 2071 3560 ex
2108 3489 2249 3582 ejus
2292 3489 2620 3559 sententia
2657 3510 2796 3583 poe-

782 3839 833 3905 l)
866 3840 983 3904 Ipse
1011 3840 1296 3890 Boeckhius
1329 3842 1381 3890 in
1412 3847 1478 3890 2α
1511 3841 1730 3891 editione
1762 3842 1925 3905 operis
1958 3841 2256 3891 sententiam
2288 3841 2656 3903 quodammodo
2695 3858 2801 3892 mu·

708 3938 861 3998 tavit,
913 3943 970 3985 ut
1020 3953 1169 4001 supra
1215 3940 1370 3989 verbo
1412 3939 1522 4003 jam
1565 3939 1757 3988 monui.
1825 3937 1906 3986 Ibi
1947 3938 2083 3987 enim
2133 3943 2245 4000 post
2286 3938 2439 3987 verba
2471 3953 2620 4003 supra
2651 3940 2803 3989 allata

707 4035 832 4085 haec
875 4035 1039 4084 addit:
1088 4035 1311 4085 uwieviel
1347 4036 1531 4099 jedoch
1563 4036 1653 4085 der
1699 4035 1930 4098 Chorage
1974 4049 2148 4082 ausser
2203 4032 2307 4081 dem
2360 4031 2485 4083 Chor
2530 4052 2591 4085 zu
2625 4037 2802 4085 leisten

711 4132 872 4192 hatte,
914 4134 979 4181 ist
1007 4133 1103 4182 mir
1129 4131 1348 4183 unklar''
1386 4133 1535 4197 (vid.
1572 4137 1626 4181 20
1651 4134 1729 4183 ed.
1763 4148 1813 4195 p.
1829 4131 1967 4195 600).
2019 4130 2212 4191 Quibus
2229 4133 2483 4197 congruit,
2511 4134 2645 4196 quod
2677 4146 2804 4196 quae

710 4229 878 4291 paullo
913 4230 1043 4279 infra
1084 4238 1356 4295 sequuntur
1390 4232 1566 4281 verba:
1609 4228 1844 4292 refolglich
1877 4228 1964 4277 hat
1997 4228 2085 4278 der
2120 4227 2350 4293 Chorage
2393 4231 2486 4278 mit
2519 4230 2671 4279 ihnen
2709 4227 2803 4291 (nl.

711 4315 807 4376 den
845 4325 1249 4392 Schauspielern)
1287 4329 1454 4378 nichts
1490 4343 1550 4375 zu
1588 4323 1871 4386 schaffen,'’'
1907 4324 1958 4375 in
1997 4331 2061 4376 2α
2096 4327 2171 4377 ed.
2210 4328 2390 4377 omissa
2424 4334 2554 4377 sunt.
