3414 5176
1508 585 1586 652 11

502 812 788 902 pertate‚
858 812 932 876 ut
996 806 1286 894 videtur,
1338 808 1843 903 impeditarum‚
1896 811 2247 903 quominus
2297 812 2479 907 ipsae
2528 836 2605 884 eo

503 989 778 1040 munere
827 965 1260 1062 fungerentur
1305 969 1382 1063 ¹).

601 1125 939 1222 Choragus
990 1133 1132 1199 erat
1181 1128 1353 1200 inter
1395 1128 1663 1201 ditiores
1715 1129 1924 1217 cives3
1979 1152 2132 1201 nam
2184 1131 2605 1228 liturgiarum

502 1286 791 1361 officium
860 1288 941 1360 ad
1009 1311 1282 1361 censum
1347 1291 1593 1363 civium
1644 1289 2057 1386 exigebatur:
2111 1313 2218 1363 res
2267 1291 2606 1365 familiaris

502 1450 937 1545 quadraginta
1002 1473 1117 1522 sex
1183 1450 1546 1538 minarum,
1600 1451 1801 1522 unius
1851 1450 1956 1554 vel
2008 1450 2290 1523 duorum
2342 1422 2630 1547 quidem,

499 1610 900 1682 talentorum
966 1609 1258 1682 nondum
1324 1611 1747 1708 liturgiarum
1797 1635 2043 1684 munus
2092 1611 2271 1683 obire
2323 1614 2608 1709 aliquem

502 1770 779 1865 cogebat
821 1772 910 1867 ²);
965 1772 1274 1868 choragia
1324 1773 1453 1845 civi
1505 1772 1774 1846 demum
1818 1771 2162 1844 subeunda
2204 1782 2376 1862 erat,
2420 1774 2609 1870 cujus

501 1954 606 2003 res
673 1931 1012 2004 familiaris
1097 1933 1308 2007 tribus
1375 1935 1638 2005 circiter
1703 1932 2047 2005 constabat
2113 1934 2415 2023 talentis,
2482 1936 2609 2007 nisi

506 2113 626 2162 sua
675 2098 906 2186 sponte
960 2094 1198 2188 aliquis
1249 2092 1627 2188 choragiam
1678 2094 2043 2188 susciperet
2086 2094 2165 2188 ⁸).

602 2250 697 2322 De
731 2251 998 2346 choragi
1044 2258 1259 2324 aetate
1297 2255 1664 2326 secundum
1703 2254 2057 2326 nonnullos
2108 2255 2213 2326 lex
2256 2257 2605 2329 statuebat.

509 2410 609 2480 Ad
645 2434 844 2506 quam
870 2413 1266 2483 sententiam
1309 2413 1709 2509 probandam
1751 2415 1959 2484 citant
1984 2414 2376 2487 Aeschinem
2413 2440 2469 2488 c.
2511 2416 2610 2488 Ti-

506 2569 852 2643 marchum
883 2572 971 2666 4),
1015 2572 1191 2644 unde
1233 2571 1700 2669 Harpocration
1728 2574 1777 2668 ⁵)
1812 2578 1880 2645 et
1922 2572 2195 2648 Photius
2223 2576 2280 2669 ⁸)
2310 2601 2432 2651 sua
2455 2576 2614 2652 hau-

507 2740 767 2821 serunt,
819 2735 1152 2805 neminem
1193 2734 1509 2807 nimirum
1561 2741 1716 2807 ante
1756 2735 2336 2831 quadragesimum
2379 2739 2614 2811 aetatis

511 2917 756 2965 annum
808 2892 1168 2990 choragum
1219 2894 1358 2967 fieri
1411 2897 1723 2992 potuisse.
1828 2893 1959 2967 Sed
2009 2900 2230 2968 omnia
2270 2897 2435 2970 haec
2477 2920 2616 2993 per-

508 3044 724 3125 tinent
791 3054 870 3124 ad
935 3063 1005 3127 τὸ
1050 3067 1343 3144 χορηγεῖν
1391 3061 1641 3139 παισίν,
1690 3055 1772 3126 de
1838 3080 1969 3150 qua
2019 3056 2329 3151 choragia
2387 3080 2614 3152 puero-

511 3235 658 3284 rum
711 3215 918 3309 stupri
969 3220 1152 3285 metu
1204 3215 1362 3285 talia
1413 3220 1601 3285 erant
1652 3216 2029 3286 constituta.

584 3508 635 3573 l)
668 3508 741 3557 Ut
781 3508 838 3559 C.
885 3511 930 3560 Ι.
977 3511 1012 3559 l.
1043 3511 1078 3560 l.
1123 3511 1219 3561 ΝΟ.
1257 3515 1352 3559 225
1398 3518 1448 3561 et
1482 3514 1577 3560 226
1613 3511 1665 3560 in
1700 3513 1915 3575 gratiam
1948 3514 2169 3564 tribuum
2204 3514 2616 3581 Hippothontidis

515 3610 564 3654 et
594 3604 950 3666 Pandionidis,
995 3607 1274 3671 Pytharato
1318 3608 1584 3668 archonte,
1630 3609 1664 3656 i.
1686 3621 1730 3658 e.
1769 3607 1973 3673 Olymp.
2011 3608 2307 3673 CXXVII,
2341 3628 2388 3664 a.
2407 3612 2463 3666 C.
2501 3619 2614 3666 271.

515 3700 660 3766 (vid.
692 3702 924 3763 Clinton‚
960 3704 1193 3767 Epitome
1225 3704 1283 3755 of
1309 3705 1397 3754 the
1439 3703 1762 3769 Chronology
1795 3706 1854 3755 of
1881 3705 2096 3768 Graece,
2130 3723 2179 3773 p.
2208 3709 2349 3776 297).

581 3798 636 3863 2)
671 3788 806 3849 Vidg
838 3801 1096 3862 Boeekh„
1141 3802 1334 3852 Athen.
1384 3801 1602 3852 Staatsh.
1650 3805 1707 3864 1,
1756 3820 1805 3870 p.
1839 3809 1963 3867 598,
2009 3807 2096 3871 qui
2128 3808 2273 3860 citat:
2328 3811 2532 3862 '‘Isaeos
2565 3826 2615 3860 v.

515 3895 690 3958 Hagn-
725 3896 933 3947 Erbsch.
977 3913 1018 3948 s,
1070 3902 1166 3946 292
1214 3897 1339 3963 (von
1374 3900 1589 3952 welcher
1626 3900 1786 3952 Stelle
1820 3918 1859 3952 s.
1895 3903 2039 3954 Buch
2074 3904 2128 3964 1,
2166 3906 2273 3979 20).
2323 3907 2616 3967 Demosth.,

514 4006 565 4056 g.
599 3990 802 4056 Aphob.
838 3993 892 4053 Ι,
929 4008 968 4043 ε.
1004 3999 1129 4056 833,
1166 3994 1286 4044 22.”

581 4087 635 4153 3)
671 4087 792 4137 vid.
829 4088 1081 4151 Boeckh.,
1115 4091 1152 4141 1.
1181 4091 1217 4141 l.

582 4184 636 4249 4)
675 4185 799 4234 vid.
836 4184 1018 4235 Aesch.
1052 4203 1094 4236 c.
1128 4188 1282 4250 Tim„
1316 4206 1365 4253 p.
1385 4195 1449 4240 36
1486 4198 1534 4242 ct
1568 4195 1629 4241 39
1667 4192 1837 4241 Reisk.

585 4283 637 4346 5)
675 4283 795 4332 Vid.
833 4283 1200 4346 Harpocration
1234 4287 1285 4336 in
1321 4302 1458 4337 voce.

598 4378 650 4442 θ’)
686 4381 802 4430 Vid.
844 4381 1083 4440 Photius,
1120 4397 1166 4444 p.
1205 4388 1326 4443 354,
1369 4392 1423 4434 15
1462 4388 1512 4434 in
1548 4403 1593 4436 v.
1635 4385 1720 4435 ὅτι
1752 4385 1924 4444 νόμος.
