3414 5176
1386 1263 1825 1353 CAPUT
1883 1266 1951 1356 I.

724 1582 811 1632 DE.
863 1578 1081 1631 POETA
1132 1577 1217 1628 ET
1269 1575 1476 1628 enom
1529 1575 2055 1645 PRAEGEPTORE,
2108 1577 2488 1644 EoRuMQur:
2541 1583 2611 1635 ιΝ

1096 1704 1382 1759 εοΕΝιοο
1436 1703 1828 1756 CERTAMINE
1881 1704 2234 1760 PAR'rlBus.
2347 1692 2352 1697 '

705 1915 799 1986 De
848 1915 1100 1986 ratione
1124 1968 1140 2000 ,
1192 1935 1325 2007 qua
1367 1919 1560 2006 poeta
1609 1911 2012 1983 dramaticus
2055 1913 2381 2007 acceperit
2416 1913 2713 2004 chorum,

611 2075 785 2169 apud
833 2096 1064 2144 omnes
1115 2076 1393 2143 constat.
1475 2070 1797 2164 Tragicus
1846 2095 2054 2165 quum
2104 2072 2561 2168 tetralogiam,
2612 2099 2716 2148 co·

607 2235 821 2306 micus
888 2207 1095 2327 quum
1171 2231 1576 2302 comoediam
1645 2233 2153 2325 composuisset,
2219 2255 2459 2327 easque
2508 2237 2717 2331 proxi-

609 2397 735 2467 mis
785 2393 1115 2488 Dionysiis
1164 2393 1233 2463 in
1283 2413 1550 2462 scenam
1601 2390 1840 2462 ducere
1890 2392 2089 2464 vellet
2137 2391 2422 2480 fabulas,
2491 2395 2713 2468 adibat

608 2554 1071 2650 magistratum
1095 2606 1110 2637 ,
1178 2552 1289 2646 qui
1341 2549 1445 2622 his
1487 2549 1673 2623 festis
1723 2558 2059 2648 praeerat,
2128 2575 2317 2650 ergo,
2385 2560 2462 2625 ut
2511 2578 2711 2652 supra

602 2715 923 2801 vidimuS,
986 2711 1245 2807 Magnis
1295 2712 1624 2808 Dionysiis
1677 2713 2061 2822 archontem
2110 2737 2541 2811 eponymum,
2593 2714 2710 2788 Le-

598 2878 781 2969 naeis
822 2897 1066 2969 regem.
1123 2872 1541 2967 Magistratui
1597 2874 1892 2946 tradebat
1941 2874 2251 2962 fabulam,
2303 2882 2557 2970 petens,
2611 2884 2708 2965 ut,

601 3039 654 3107 si
709 3035 929 3107 fabula
980 3033 1040 3104 ei
1094 3034 1483 3127 placuisset,
1561 3032 1911 3118 indicaret,
1989 3034 2100 3125 qui
2145 3035 2281 3104 suis
2332 3035 2708 3130 sumptibus

600 3218 746 3265 eam
797 3195 867 3264 in
906 3214 1172 3262 scenam
1206 3193 1568 3263 induceret.
1618 3191 1756 3261 Hoc
1791 3190 2130 3262 dicebatur
2175 3227 2202 3256 1·
2228 3199 2405 3281 χορὸν
2443 3201 2709 3279 ocia-eff,

595 3364 819 3448 petere
893 3351 1181 3422 chorum.
1284 3350 1565 3421 Fabulas
1642 3375 1679 3421 a
1755 3353 1964 3445 poetis
2028 3351 2281 3424 oblatas
2347 3353 2705 3448 dijudicare

598 3537 800 3610 penes
877 3509 1257 3582 archontem
1335 3509 1537 3582 fuisse
1603 3510 1896 3599 videtur,
1955 3514 2063 3584 cui
2130 3519 2351 3584 essent
2400 3513 2698 3584 traditae.

600 3672 670 3743 Si
745 3679 936 3767 poeta
993 3673 1053 3741 ei
1122 3677 1351 3766 gratus
1420 3677 1595 3741 esset
1669 3673 1940 3766 ejusque
2000 3672 2218 3744 fabula
2267 3673 2327 3743 ei
2378 3674 2697 3767 placeret,

600 3830 872 3901 chorum
925 3830 1359 3903 concedebat:
1417 3831 1517 3900 sin
1570 3833 1814 3920 minus,
1865 3834 2228 3907 recusabat.

698 3990 793 4059 Ita
847 3992 1017 4083 apud
1073 3991 1552 4086 Athenaeum¹)
1614 3994 1830 4066 locum
1883 3996 2257 4069 invenimus
2284 3994 2553 4080 Cratini,
2584 3994 2694 4065 ubi

667 4339 715 4401 1)
752 4339 870 4389 viu.
910 4338 1099 4390 Athen.
1138 4340 1310 4404 XIV,
1344 4359 1390 4405 p.
1428 4347 1521 4391 639
1558 4344 1591 4390 f.
