3414 5176
1647 548 1737 617 55

627 780 852 847 essent
906 772 1198 858 fabulae,
1267 774 1536 845 nomina
1587 774 1853 845 inscribi
1905 773 2217 844 solebant.
2285 771 2530 868 Iophon
2583 795 2638 842 e.
2670 797 2732 868 g.

629 940 777 1031 post
843 931 1181 1029 Sophoclis
1231 935 1438 1030 patris
1489 942 1770 1009 mortem
1819 934 2191 1029 complures
2241 932 2384 1029 ejus
2434 925 2735 1006 docuisse

633 1094 885 1167 fabulas
937 1092 1247 1180 traditur,
1307 1093 1388 1166 de
1438 1118 1571 1189 qua
1610 1119 1682 1167 re
1731 1097 1826 1167 ita
1874 1095 2196 1189 scriptum
2237 1100 2338 1167 est
2377 1095 2446 1167 in
2488 1092 2738 1166 scholio

631 1256 712 1326 ad
754 1254 1205 1351 Aristophanis
1246 1253 1497 1343 RanaS,
1547 1255 1806 1327 vs.'78:
1863 1262 1982 1328 »οὔ
2024 1258 2200 1339 μόνον
2235 1260 2335 1327 ἐπὶ
2362 1261 2446 1342 τῷ
2471 1267 2609 1335 ταῖς
2636 1266 2742 1327 τοῦ

632 1423 862 1505 πατρὸς
908 1422 1279 1505 τραγῳδίαις
1327 1421 1934 1505 ἐπιγράφεσθαι
1974 1420 2394 1505 κωμῳδεῖται,
2442 1423 2595 1489 ἀλλ’
2642 1423 2742 1488 ἐπὶ

633 1586 717 1665 τῷ
788 1583 890 1651 καὶ
961 1581 1198 1663 ψυχρὸς
1265 1580 1372 1647 καὶ
1440 1531 1734 1660 μᾷλωκὸς
1804 1576 2026 1649 εἶναι.”
2122 1574 2463 1647 Accedunt
2532 1576 2743 1647 multe

634 1735 1218 1831 grammaticorum
1285 1734 1366 1806 de
1422 1737 1893 1811 nonnullarum
1943 1733 2313 1809 fabularum
2365 1736 2745 1809 auctoribus

634 1897 1110 1991 discrepantiae
1132 1951 1148 1983 ,
1226 1918 1507 1991 quarum
1569 1896 1755 1967 nulla
1818 1895 2176 1988 excogitari
2238 1902 2453 1990 potest
2511 1918 2744 1984 causa,

642 2058 768 2127 nisi
809 2055 998 2141 haec,
1040 2055 1215 2149 quod
1264 2077 1395 2125 non
1446 2061 1791 2150 poetarum
1840 2055 2131 2141 nomina,
2182 2055 2297 2127 sed
2338 2055 2520 2129 chori
2548 2057 2751 2151 magi-

646 2222 930 2287 strorum
974 2215 1045 2285 in
1097 2213 1471 2286 didascaliis
1520 2213 1916 2287 ferebantur.

744 2375 816 2444 ln
885 2374 1165 2468 publicis
1233 2394 1491 2470 quoque
1564 2373 1933 2469 choragicis
1993 2376 2302 2448 victoriae
2353 2376 2751 2450 dramaticae

646 2536 1088 2608 monumentis
1138 2533 1343 2608 solius
1383 2532 1564 2605 chori
1607 2536 1908 2630 magistri
1950 2557 2291 2612 occurrere
2334 2560 2604 2626 nomen,
2658 2540 2750 2609 in-

649 2695 746 2766 fra
793 2694 1182 2768 videbimus.

744 2856 795 2926 Ε
852 2855 1187 2927 nonnullis
1254 2857 1535 2952 denique
1598 2859 2001 2930 comicorum
2052 2860 2215 2931 locis
2265 2866 2555 2954 apparet,
2608 2886 2752 2955 poe·

645 3024 807 3103 tam,
849 3018 976 3088 nisi
1028 3016 1402 3089 didascalus
1450 3025 1648 3103 esset,
1701 3017 1885 3088 nullo
1933 3017 2245 3089 victoriae
2293 3016 2538 3091 honore
2587 3018 2754 3092 fruc·

647 3184 793 3246 tum
860 3198 1023 3246 esse.
1128 3176 1200 3285 ln
1275 3177 1412 3247 vita
1488 3173 1975 3269 AristophaniS,
2054 3201 2116 3271 p.
2187 3175 2429 3248 XXXV
2479 3177 2754 3273 aliisque

652 3335 880 3429 locis¹)
939 3340 1290 3405 narrantur
1339 3334 1569 3405 comici
1625 3333 2041 3431 Aristophani
2094 3338 2440 3411 irridentes
2491 3338 2753 3427 dixisse,

650 3522 806 3570 eum
882 3499 1129 3583 τετράδι
1177 3500 1530 3580 γεγονέναι,
1579 3496 1821 3591 quippe
1871 3499 1982 3589 qui
2035 3500 2404 3571 comoedias
2456 3498 2600 3570 aliis
2652 3499 2757 3570 do-

655 3658 896 3730 cendas
963 3653 1339 3726 tradiderit:
1420 3678 1572 3726 nam
1626 3663 1934 3745 »τετράδι
1980 3666 2353 3747 γεγονέναι”
2404 3667 2521 3759 est·
2555 3692 2770 3750 »παρ-

656 3826 826 3905 οιμίαι
874 3828 973 3892 ἐπὶ
1020 3832 1137 3891 τῶν
1184 3824 1401 3906 ἑτέροις
1444 3826 1844 3894 πονούντων.”
1871 3829 1944 3918 ²).

736 4068 787 4130 l)
841 4065 963 4115 vid.
1015 4065 1384 4120 commentatio
1429 4073 1494 4120 ad
1539 4072 1671 4121 Plat.
1720 4072 1872 4135 Apol.
1918 4087 1966 4135 p.
2001 4077 2059 4121 19
2105 4072 2178 4137 (p.
2217 4077 2284 4122 33
2325 4072 2538 4137 Bekk.)‚
2573 4072 2761 4125 Zenob.

672 4148 783 4208 VI,
831 4151 887 4206 7,
923 4145 1104 4198 Suidas
1129 4158 1179 4201 et
1206 4152 1418 4203 Photius
1449 4169 1499 4203 v.
1530 4152 1777 4220 Τετράδι
1805 4152 2057 4216 γεγονώς.

732 4237 786 4302 2)
840 4234 919 4285 Cf.
967 4235 1117 4285 etiam
1161 4252 1292 4298 quae
1348 4243 1544 4291 monuit
1576 4244 1654 4292 vir
1686 4241 1820 4292 Clar.
1853 4241 2010 4292 Cobet
2037 4243 2098 4290 ad
2126 4242 2472 4303 proverbium:
2527 4241 2768 4311 ιιἈρκά-

665 4319 771 4378 δας
801 4319 1137 4380 μιμεῖσθαι”
1175 4321 1224 4369 in
1263 4321 1471 4373 Observ.
1503 4325 1628 4374 critt.
1667 4324 1719 4373 in
1751 4323 1978 4374 Platonis
2005 4322 2183 4374 comici
2209 4322 2457 4387 reliquias,
2474 4337 2523 4388 p.
2548 4329 2639 4374 102
2656 4340 2763 4389 sqq.
