3414 5176
1592 573 1678 643 73

617 809 757 875 tam
782 858 797 889 ,
840 799 1234 872 histrionum
1259 798 1693 892 magistrum,
1739 797 2007 895 choragi
2036 800 2426 871 auctoritate
2451 822 2718 897 prorsus

618 962 900 1035 liberum
923 1016 939 1049 ,
975 961 1155 1034 chori
1190 962 1457 1031 tantum
1496 960 1892 1053 magistrum
1926 958 2084 1032 huic
2125 959 2466 1033 subditum
2489 961 2708 1036 fuisse.

622 1122 842 1209 Quum
891 1145 1045 1195 vero
1095 1120 1268 1192 hanc
1305 1119 1478 1190 inter
1528 1116 1925 1192 histrionum
1976 1126 2044 1191 et
2093 1119 2275 1193 chori
2323 1122 2718 1218 magistrum

618 1281 1112 1355 distinctionem
1155 1301 1345 1354 verae
1380 1277 1474 1349 rei
1504 1278 1806 1350 scenicae
1829 1280 2069 1351 rationi
2110 1300 2526 1376 nequaquam
2570 1305 2717 1355 con-

621 1448 1006 1515 sentaneam
1056 1462 1201 1512 esse
1249 1437 1740 1535 probaverimus
1757 1491 1773 1524 ,
1824 1438 1940 1512 sed
1990 1439 2401 1513 didascalum
2453 1447 2521 1512 et
2569 1441 2719 1514 cho-

621 1601 1099 1675 rodidascalum
1160 1598 1443 1671 eundem
1510 1596 1714 1669 fuisse
1763 1597 2137 1689 hominem,
2189 1599 2582 1674 histrionum
2637 1603 2720 1673 si-

617 1763 757 1834 mul
809 1768 877 1832 et
925 1761 1389 1833 choreutarum
1441 1758 1807 1830 doctorem:
1859 1759 2012 1832 inde
2080 1767 2313 1859 sponte
2380 1763 2714 1857 sequitur,

615 1923 758 1993 fieri
805 1945 937 1993 non
987 1921 1315 2016 potuisse,
1366 1920 1527 2013 quin
1578 1924 1773 2012 poeta
1814 1917 2084 2015 choragi
2123 1922 2517 1993 auctoritate
2552 1922 2715 1994 liber

622 2105 754 2153 non
791 2086 984 2152 esset.
1063 2077 1135 2149 Si
1169 2079 1348 2149 enim
1383 2076 1757 2150 didascalus
1792 2084 1967 2150 esset
2006 2085 2231 2175 poeta,
2268 2080 2553 2177 chorago
2579 2089 2719 2154 erat

621 2240 929 2314 subditus
951 2295 968 2327 ,
1037 2238 1093 2308 si
1154 2261 1286 2310 non
1338 2244 1550 2323 esset,
1602 2238 1822 2310 nullas
1872 2239 1932 2310 ei
1984 2239 2053 2310 in
2103 2243 2461 2314 certamine
2512 2241 2716 2316 fuisse

625 2400 853 2498 partes
902 2398 1207 2472 vidimus.

724 2560 808 2633 Ut
879 2559 1273 2631 histrionum
1347 2558 1701 2654 magistro,
1779 2561 1872 2633 ita
1947 2584 2206 2658 quoque
2291 2560 2720 2636 histrionibus

623 2746 777 2796 cum
827 2719 1112 2815 chorago
1162 2718 1327 2789 nihil
1379 2718 1581 2791 fuisse
1647 2744 1999 2794 commune
2065 2729 2257 2819 putat
2307 2722 2678 2796 Boeckhius
2701 2780 2717 2811 ‚

621 2885 764 2955 loco
811 2882 925 2953 illo
976 2879 1183 2952 fretus
1206 2935 1222 2966 ,
1284 2880 1397 2973 qui
1458 2879 1649 2952 docet
1707 2880 2062 2954 histriones
2111 2884 2323 2977 poetis
2374 2890 2551 2954 sorte
2600 2884 2714 2953 tri-

617 3044 815 3115 butos
874 3064 1021 3114 esse
1066 3041 1145 3134 ¹).
1247 3039 1439 3109 Hunc
1523 3045 1748 3109 autem
1822 3039 2436 3136 lexicographorum
2503 3041 2722 3114 locum

623 3201 814 3273 valde
863 3200 1215 3271 obscurum
1265 3197 1518 3269 nullam
1568 3197 1712 3291 ejus
1746 3199 2115 3271 sententiae
2161 3198 2531 3295 probandae
2587 3203 2718 3275 vim

623 3360 897 3446 habere,
948 3356 1359 3429 ostendimus
1401 3357 1498 3452 ²),
1550 3380 1763 3452 neque
1812 3360 1881 3431 in
1933 3359 2206 3433 dubium
2260 3362 2474 3434 vocari
2526 3386 2715 3458 posse

617 3544 1011 3607 censemuS‚
1066 3518 1263 3614 quin,
1320 3526 1394 3589 ut
1443 3518 1855 3605 didascalus,
1906 3520 2009 3596 itai
2041 3519 2393 3592 histriones
2435 3521 2718 3619 chorago

625 3680 867 3751 fuerint
917 3679 1203 3766 subditi,
1257 3680 1640 3775 praesertim
1692 3702 1898 3773 quum
1948 3681 2230 3753 vestitus
2288 3689 2485 3778 atque
2533 3706 2715 3759 orna·

625 3847 735 3910 tus
802 3863 1026 3912 eorum
1091 3837 1379 3935 chorago
1446 3862 1703 3936 quoque
1764 3864 1991 3914 curam
2044 3844 2423 3919 mandatam
2474 3845 2719 3932 fuisse,

626 4000 1176 4074 verisimillimum
1228 4025 1374 4073 esse
1424 4003 1943 4098 cognoverimus,

697 4264 745 4324 l)
785 4260 905 4309 Vid.
945 4261 1200 4321 Bocckh.‚
1236 4264 1323 4313 1.1.
1361 4280 1407 4327 p.
1431 4271 1542 4317 487.

693 4361 746 4424 2)
785 4359 903 4408 Vid.
941 4357 1088 4422 hujus
1122 4367 1440 4424 commentat,
1473 4379 1520 4425 p.
1542 4367 1621 4411 59.
