3414 5176
1686 531 1777 599 60

679 758 1145 830 obscuritatem
1237 777 1365 825 non
1451 755 1907 841 attendamuS,
2011 759 2232 824 tamen
2318 756 2567 826 nullam
2645 759 2776 828 fere

678 916 987 990 Boeckhii
1080 917 1473 987 sententiam
1566 913 1878 1010 probandi
1972 914 2105 985 vim
2181 914 2419 986 habere
2494 917 2771 989 videtur.

678 1058 949 1151 Poetae⁸
980 1077 1179 1164 enim,
1250 1083 1322 1147 ut
1388 1099 1587 1171 supra
1652 1073 1959 1161 vidimuS‚
2012 1077 2079 1145 in
2131 1078 2590 1148 commissione
2642 1101 2779 1149 sce·

675 1241 825 1312 nica
874 1238 1096 1309 nullae
1146 1243 1332 1308 erant
1383 1242 1632 1332 parteS,
1685 1235 1812 1305 nisi
1864 1234 2237 1307 didascalus
2287 1244 2480 1308 esset.
2536 1236 2606 1309 Si
2659 1240 2776 1333 igi-

674 1409 783 1473 tur
842 1399 1256 1493 grammatici
1305 1402 1536 1492 poetae
1587 1395 1940 1466 histriones
1996 1396 2272 1468 tributos
2323 1421 2469 1469 esse
2520 1398 2771 1486 dicunt,

671 1559 796 1629 hoc
864 1558 945 1627 ad
1020 1556 1426 1635 didascalum
1504 1563 1764 1626 tantum
1835 1562 2129 1652 spectare
2206 1565 2439 1653 potest.
2544 1558 2774 1629 Nonne

671 1741 848 1805 ver0,
900 1717 1157 1788 etiamsi
1195 1715 1484 1811 chorago
1528 1721 1750 1788 essent
1801 1716 2052 1803 tributi,
2106 1719 2321 1790 dicere
2373 1720 2549 1806 licet,
2603 1720 2775 1814 quod

669 1880 895 1951 eodem
945 1876 1137 1964 redit,
1190 1901 1302 1949 eos
1352 1878 1681 1950 didascalo
1732 1878 2007 1949 traditos
2059 1882 2251 1951 esse‘?
2353 1880 2773 1952 Desideratur

665 2040 869 2134 igitur
932 2038 1022 2125 id,
1099 2037 1272 2133 quod
1348 2038 1721 2111 Boeckhius
1796 2040 2027 2125 voluit,
2108 2048 2575 2134 argumentum
2642 2064 2772 2135 quo

665 2200 915 2296 probet,
974 2198 1325 2272 histriones
1374 2222 1505 2270 non
1560 2199 1843 2292 chorago
1888 2206 2060 2302 sorte
2103 2224 2247 2271 esse
2294 2201 2595 2287 tributos,
2652 2202 2768 2271 ita-

668 2384 796 2454 que
848 2384 1003 2433 cum
1054 2359 1336 2453 chorago
1384 2361 1467 2429 iis
1517 2360 1680 2430 nihil
1736 2359 1937 2428 fuisse
1989 2383 2356 2431 commune.

664 2752 847 2811 rimus,
884 2753 1155 2802 histriones
1183 2767 1381 2818 quoque
1414 2754 1544 2803 inter
1577 2767 1630 2801 se
1659 2759 1885 2802 certasse.
1940 2753 2015 2801 Ut
2046 2753 2176 2801 hanc
2201 2750 2538 2800 difficultatem
2566 2751 2767 2807 vitaret,

663 2847 1001 2899 Schneider-us
1020 2848 1077 2911 (l.
1096 2849 1132 2898 1.
1161 2864 1211 2914 p.
1237 2850 1371 2914 130),
1404 2864 1579 2899 vocem
1609 2847 1636 2896 ὁ
1665 2851 1886 2914 νικήσας
1915 2852 1979 2898 ad
2006 2855 2202 2913 poetam
2230 2849 2466 2909 referens,
2495 2849 2565 2897 ita
2591 2848 2764 2897 vertit:

655 2960 756 2994 von
797 2947 1018 2996 welchen
1056 2945 1439 3010 Schauspielern
1482 2948 1571 2997 der
1612 2946 1818 2997 Dichter
1832 2986 1845 3006 ,
1892 2946 2106 2996 welcher
2155 2946 2338 2994 einmal
2372 2946 2563 3008 gesiegt
2589 2945 2750 3001 hatte,

659 3042 741 3091 fiir
788 3043 870 3092 die
920 3042 1174 3104 Zukunst,
1216 3044 1351 3093 ohne
1400 3043 1504 3092 sich
1559 3044 1674 3093 dem
1720 3045 1886 3093 Loose
1928 3041 2261 3091 unterwerfen
2297 3057 2359 3090 zu
2393 3045 2593 3091 miissen
2610 3080 2625 3101 ,
2658 3041 2765 3091 sich

657 3140 847 3190 welche
895 3157 957 3189 zu
1000 3141 1200 3190 w'ahlen
1244 3140 1477 3205 pflegte.''
1549 3140 1652 3191 Sed
1695 3142 1811 3191 talis
1854 3141 2016 3191 versio
2060 3141 2328 3189 verborum
2365 3141 2533 3189 sensui
2565 3153 2764 3203 prorsus

656 3236 945 3285 adversatur
963 3259 977 3296 3
1012 3238 1228 3287 dubitari
1272 3240 1407 3287 enim
1442 3253 1543 3287 non
1581 3245 1774 3301 potest,
1823 3239 1945 3302 quin
1980 3253 2123 3302 pron.
2158 3238 2298 3287 relat.
2338 3219 2409 3284 ὧν
2445 3239 2509 3285 ad
2545 3236 2772 3304 ὑποκρι-

655 3331 783 3399 τάς,
833 3348 935 3382 non
986 3335 1050 3382 ad
1102 3334 1333 3399 ποιητάς
1372 3337 1689 3386 referendum
1741 3338 1831 3396 sit,
1885 3341 1934 3386 et
1985 3332 2455 3402 παρελαμβάνετο
2505 3337 2569 3384 sit
2612 3336 2763 3399 passi·

655 3446 801 3492 vum,
864 3445 966 3478 non
1016 3432 1240 3481 medium
1288 3433 1483 3496 objecto
1533 3449 1623 3482 suo
1673 3448 1875 3492 carens;
1929 3431 2152 3499 ἄκριτος
2202 3436 2419 3496 denique
2467 3434 2547 3481 his
2597 3434 2762 3481 verbis

654 3535 871 3579 vertere:
912 3551 934 3573 n
951 3530 1084 3578 ohne
1110 3530 1214 3580 sich
1239 3532 1354 3579 dem
1384 3532 1549 3580 Loose
1576 3530 1912 3580 unterwerfen
1943 3547 2006 3579 zu
2033 3529 2271 3581 miissen''
2307 3530 2494 3579 nimiae
2523 3529 2761 3577 audaciae

657 3627 852 3676 videtur
865 3648 879 3686 3
925 3627 1105 3677 melius
1157 3628 1473 3677 Boeckhius:
1525 3650 1547 3670 u
1564 3629 1695 3678 ohne
1746 3643 1874 3678 neue
1927 3627 2343 3691 Beurtheilung”.
2415 3626 2552 3686 Quid
2592 3632 2761 3675 tamen

655 3723 750 3774 sibi
791 3724 901 3773 vult
938 3723 1189 3774 examinis
1232 3724 1451 3784 menti0,
1503 3738 1659 3786 quum
1700 3725 1755 3774 in
1799 3726 2204 3790 praecedentibus
2242 3726 2306 3774 de
2339 3723 2479 3773 nullo
2524 3724 2759 3774 examine

654 3835 820 3872 sermo
863 3819 963 3871 sit?
1031 3821 1224 3871 Neutra
1269 3822 1421 3885 igitur
1457 3821 1638 3869 harum
1678 3822 2070 3885 explicationum
2107 3821 2389 3873 satisfacere
2423 3819 2569 3869 nobis
2601 3827 2761 3885 potest

653 3932 744 3969 nec
777 3919 877 3969 loci
907 3919 1257 3969 obscuritatem
1291 3917 1480 3967 tollere.

721 4015 898 4065 Aliam
941 4018 1003 4066 de
1048 4030 1108 4066 eo
1158 4014 1574 4078 explicationem,
1626 4028 1776 4077 quam
1822 4015 1907 4064 hic
1948 4016 2132 4065 referre
2165 4016 2375 4079 spatium
2415 4021 2575 4075 vetat,
2619 4015 2760 4065 affert

652 4111 952 4177 Geppertus,
987 4114 1077 4162 1.1.
1106 4128 1153 4176 p.
1173 4114 1297 4172 207,
1332 4111 1418 4172 qui
1453 4111 1576 4159 alios
1609 4112 1823 4161 aliorum
1862 4126 2059 4177 quoque
2100 4113 2360 4176 opiniones
2403 4114 2552 4163 citat:
2599 4113 2756 4162 Hem·

651 4210 860 4261 sterhuS.
904 4211 969 4259 ad
1011 4209 1220 4259 Lucian.
1271 4209 1404 4257 Tim.
1436 4213 1524 4268 51,
1575 4209 1635 4259 Τ.
1675 4211 1729 4271 Ι,
1765 4226 1812 4272 p.
1851 4215 1968 4269 1603
2019 4210 2291 4274 Bdttigeri,
2324 4210 2504 4275 Opusc.
2540 4226 2589 4274 p.
2628 4213 2751 4267 290,

654 4306 841 4372 Grysar
874 4310 934 4357 de
967 4314 1091 4371 trag.
1128 4323 1175 4370 p.
1210 4311 1270 4355 25
1288 4344 1301 4368 ,
1339 4307 1566 4358 aliorum.
