3414 5176
1594 522 1597 523 ⁷
1725 518 1754 529 *r
1879 523 1902 533 '¹

1821 561 1827 565 .
1897 558 1900 565 ι

1660 664 1669 665 7
1718 658 1768 667 ι-
1904 656 1908 667 Ι

626 803 919 876 ordinem
964 810 1249 892 tantum„
1293 805 1346 875 si
1390 804 1752 874 necessitas
1802 809 2089 898 cogeret,
2141 810 2330 876 erant
2370 803 2732 909 obeundae.

722 964 914 1037 Verbi
950 989 1182 1054 causa,
1228 965 1310 1036 ad
1336 964 1882 1037 extraordinarias
1917 958 2284 1061 pertinebat
2319 964 2734 1054 trierarchia,

621 1147 752 1218 qua
802 1126 914 1220 qui
966 1114 1422 1221 fungerentur,
1491 1132 1716 1197 exorto
1780 1112 1952 1196 hello
2000 1139 2205 1199 naves
2257 1125 2599 1198 armabant
2666 1134 2734 1197 et

624 1286 692 1354 in
760 1283 984 1358 hostes
1035 1285 1394 1373 ducebant3
1466 1286 1547 1356 ad
1613 1284 1976 1357 ordinarias
2025 1308 2255 1358 omnes
2321 1287 2474 1359 illae
2548 1287 2738 1359 litur-

621 1446 802 1541 giae,
872 1471 1040 1542 quae
1105 1445 1531 1541 sollemnibus
1617 1445 1888 1518 deorum
1956 1446 2142 1518 festis
2216 1449 2525 1521 ornandis
2600 1469 2730 1519 ser-

508 1626 511 1629 ·
620 1605 906 1678 viebant.

717 1767 789 1837 In
842 1766 1186 1838 ordinariis
1229 1765 1412 1838 hisce
1463 1766 1754 1863 liturgiis
1804 1768 2114 1864 choragia
2163 1775 2305 1841 erat
2356 1769 2731 1864 praecipua.

623 1927 746 1998 Pro
796 1926 994 2000 variis
1055 1934 1276 2000 autem
1339 1927 1689 2000 chororum
1759 1929 2111 2024 generibus
2160 1929 2342 2001 varia
2391 1935 2533 2000 erat
2583 1927 2737 1998 cho-
2816 1905 2822 1910 ⁸

623 2089 836 2185 ragia:
907 2090 1153 2161 etenim
1222 2087 1369 2160 aliis
1419 2088 1605 2160 festis
1657 2113 1694 2160 a
1746 2088 1944 2161 choro
1994 2088 2204 2186 cyclio
2254 2091 2394 2163 sive
2444 2089 2734 2161 virorum

622 2249 761 2322 sive
828 2272 1179 2344 puerorum
1246 2248 1645 2347 dithyrambi
1713 2250 1782 2320 in
1849 2249 2119 2322 deorum
2181 2249 2498 2321 honorem·
2546 2269 2736 2319 cane·

622 2407 895 2494 bantur,
964 2408 1110 2479 aliis
1175 2408 1516 2517 tibicines,
1575 2408 1721 2479 aliis
1787 2409 2133 2482 saltatores
2193 2412 2262 2483 in
2328 2408 2733 2482 orchestram

622 2566 1136 2656 inducebantur3
1191 2567 1347 2639 solis
1398 2567 1729 2664 Dionysiis
1779 2569 2074 2665 tragoedi
2126 2570 2229 2643 vel
2283 2569 2576 2643 comoedi
2627 2568 2731 2644 vel

621 2737 990 2825 satyrorum
1042 2728 1226 2800 chori
1276 2729 1640 2826 prodibant.

720 2888 816 2960 Ita
883 2889 1388 2983 distinguuntur
1451 2888 1645 2961 haec:
1714 2904 2006 2979 χορηγεῖν
2053 2897 2303 2981 ἀνδράσι
2352 2892 2491 2963 sive
2541 2897 2731 2980 ἀνδρι-

630 3063 753 3130 κοῖς
796 3062 998 3138 χοροῖς
1021 3105 1039 3134 ,
1104 3056 1319 3122 παισίν
1377 3050 1515 3123 Sive
1585 3055 1887 3131 παιδικοῖς
1954 3066 2190 3141 χοροῖς,
2261 3067 2732 3142 πυρριχισταῖς,

625 3216 849 3297 κυκλίῳ
893 3214 1094 3295 χορῷ,
1140 3214 1449 3289 αὐληταῖς
1495 3213 1818 3299 ἀνδράσιν,
1868 3217 2239 3299 τραγῳδοῖς,
2288 3217 2614 3301 κωμῳδοῖς.

721 3367 816 3438 De
884 3366 1265 3471 dramatica,
1306 3373 1529 3440 autem
1590 3367 1901 3463 choragia
1962 3393 2172 3463 pauca
2240 3394 2319 3442 ac
2378 3371 2514 3443 fere
2562 3370 2729 3442 nihil

622 3527 810 3599 nobis
860 3526 1177 3598 traditum
1227 3549 1394 3616 esse,
1439 3552 1599 3601 casu
1641 3528 1892 3601 factum
1934 3535 2055 3600 est.
2161 3527 2504 3602 Orationes
2553 3531 2731 3600 enim

622 3686 1104 3786 Demosthenis,
1155 3687 1412 3786 Lysiae,
1467 3689 1770 3777 aliorum,
1823 3713 1992 3786 quae
2041 3691 2110 3761 in
2173 3690 2607 3785 choragorum
2659 3690 2732 3760 li-

621 3832 799 3921 tibus
849 3855 1217 3937 versantur,
1269 3849 1773 3922 scholiastarum
1835 3851 2549 3945 grammaticorumque
2624 3873 2733 3922 an-

622 4010 1021 4096 notationeS,
1090 4010 1545 4106 inscriptiones
1624 4007 1900 4080 Athenis
1959 4016 2286 4105 repertae,
2357 4034 2525 4106 quae
2575 4019 2731 4084 sunt

625 4170 805 4241 unici
868 4168 1100 4241 harum
1167 4194 1389 4242 rerum
1457 4170 1702 4257 fonteS,
1756 4168 1837 4240 de
1888 4168 2198 4266 choragia
2249 4172 2546 4267 quidem,
2598 4193 2727 4242 non

625 4353 781 4402 vero
835 4330 913 4400 de
977 4330 1285 4425 choragia
1356 4332 1714 4404 dramatica
1769 4339 1996 4427 agunt.
2102 4332 2406 4408 Statuere
2456 4353 2609 4408 vero
2659 4330 2732 4401 li-
