3414 5176
1603 582 1692 651 (33

597 828 726 899 quo
793 803 1123 875 interdum
1191 805 1591 875 mentionem
1654 806 1791 878 fieri
1862 805 2185 892 videmuS,
2238 829 2545 901 magnam
2596 829 2704 875 me

593 961 815 1056 judice
873 962 1070 1033 habet
1120 964 1256 1035 veri
1310 965 1619 1058 speciem,
1672 968 1885 1060 neque
1934 987 2100 1059 opus
2152 970 2253 1035 est
2304 963 2563 1050 addere,
2612 963 2706 1034 di-

603 1119 943 1192 dascalum
1023 1121 1367 1193 universae
1416 1121 1735 1194 dramatis
1785 1122 2227 1195 institutionis
2276 1121 2705 1193 nihilominus

599 1278 927 1374 principes
975 1277 1283 1349 habuisse
1325 1287 1561 1374 partes

695 1435 1062 1509 Serioribus
1110 1436 1374 1508 demum
1426 1436 1830 1532 temporibus
1881 1459 2024 1508 mos
2074 1437 2382 1524 obtinuit,
2436 1442 2512 1509 ut
2561 1459 2708 1532 poe·
2759 1510 2764 1516 ,

598 1599 705 1665 tae
753 1617 884 1666 non
936 1594 1217 1691 amplius
1265 1596 1391 1690 ipsi
1442 1595 1696 1667 fabulas
1754 1595 2101 1668 docerent:
2170 1594 2477 1690 choragis
2537 1599 2704 1665 tunc

593 1751 1001 1825 conducendi
1066 1759 1253 1823 erant
1318 1752 1499 1824 chori
1550 1753 1875 1847 magistri,
1926 1753 2050 1825 viri
2099 1755 2397 1825 omnium
2439 1751 2705 1823 illorum

595 1911 805 2004 gnari,
859 1910 1099 2005 quibus
1163 1932 1330 2005 opus
1382 1916 1557 1981 esset
1609 1909 1689 1980 ad
1743 1910 2019 1983 chorum
2069 1911 2550 2005 histrionesque
2602 1909 2709 1980 do-

600 2069 866 2155 cendos,
935 2076 1003 2138 et
1064 2070 1177 2162 qui
1228 2068 1400 2139 hanc
1451 2074 1659 2139 artem
1711 2068 2192 2165 profiterentur.
2297 2070 2476 2141 Talis
2526 2067 2707 2141 chori

602 2229 918 2324 magister
966 2226 1436 2320 intelligendus
1485 2235 1620 2316 est,
1673 2252 1879 2324 quum
1922 2230 2397 2303 Demosthenes
2438 2230 2710 2303 mentio-

607 2411 761 2460 nem
817 2387 975 2458 facit
1040 2387 1121 2457 de
1172 2384 1501 2460 Sannione
1550 2390 1869 2485 quodam:
1927 2398 2004 2462 »ὅ
2051 2397 2190 2472 τοὺς
2234 2399 2563 2479 τραγικοὺς
2601 2423 2711 2481 χο-

600 2546 734 2626 ροὺς
789 2544 1191 2625 ἐκδιδάσκων,
1259 2542 1370 2635 (ὃν)
1432 2545 1830 2626 ἐμισθώσατό
1889 2573 1982 2622 τις
2040 2554 2395 2633 φιλονεικῶν
2461 2550 2528 2637 (l.
2577 2554 2689 2631 φι-

599 2707 869 2792 λονικῶν)
918 2706 1186 2788 χορηγὸς
1227 2707 1621 2791 τραγῳδῶν.”
1651 2708 1724 2795 ¹).

698 2859 834 2931 Nec
884 2859 1252 2932 Boeckhius
1301 2886 1513 2957 neque
1565 2862 1735 2933 alius
1788 2864 2137 2957 quisquam
2189 2861 2488 2932 dubitare
2540 2861 2713 2932 vide-

600 3027 731 3107 tur,
804 3021 962 3114 quin
1023 3021 1224 3116 hujus
1292 3021 1807 3094 chorodidascali
1876 3019 2074 3090 fuerit
2141 3043 2400 3113 quoque
2457 3019 2715 3091 histrio-

604 3202 722 3249 nes
764 3179 1016 3249 docere.
1062 3180 1158 3249 Ex
1201 3180 1513 3252 Boeckhii
1557 3139 1737 3251 vero-
1758 3178 2085 3249 sententia
2128 3183 2546 3271 sequeretur,
2602 3186 2712 3267 ut,

609 3340 663 3409 si
731 3344 926 3433 poeta
993 3340 1291 3433 magistri
1360 3362 1604 3446 munus
1663 3340 2001 3435 ,suscipere
2051 3338 2391 3425 voluisset,
2460 3347 2716 3435 praeter

605 3499 785 3572 chori
847 3500 1241 3595 magistrum
1303 3498 1586 3594 chorago
1637 3499 2034 3571 histrionum
2089 3522 2347 3594 quoque
2399 3502 2715 3595 magister

610 3661 1078 3733 conducendus
1129 3658 1394 3746 fuisset,
1472 3651 1584 3752 qui
1652 3664 1884 3755 poetae
1950 3683 2218 3747 munuS,
2267 3665 2711 3748 διδασκαλίαν,

609 3820 989 3917 susciperet.
1071 3819 1311 3891 Nullus
1361 3826 1584 3891 tamen
1645 3827 1942 3894 veterum
1994 3821 2180 3893 locus
2231 3824 2544 3918 suppetit,
2587 3845 2716 3915 quo

611 4003 773 4051 usus
815 3981 946 4051 tale
987 3981 1144 4075 quid
1187 3987 1461 4054 statuaS.
1520 3981 1795 4054 Etiamsi
1833 3984 2039 4077 igitur
2074 3990 2266 4078 poeta
2303 4004 2432 4052 non
2460 4005 2715 4076 semper

684 4362 733 4426 l)
788 4362 906 4413 Via.
947 4360 1205 4410 Demosth.
1244 4363 1294 4410 in
1331 4369 1452 4412 orat.
1487 4362 1614 4412 Mid.
1653 4377 1699 4424 p.
1736 4365 1846 4409 533.
