3414 5176
1773 608 1863 681 32

742 835 1071 908 niensium
1119 836 1277 907 huic
1327 836 1738 907 scenicorum
1775 835 2213 908 certaminum
2256 833 2456 906 furori
2492 841 2561 906 ct
2602 842 2849 930 quanto

738 990 808 1061 in
860 989 1110 1062 artibus
1158 989 1579 1085 hegemonia‚
1633 1014 1831 1087 quam
1869 987 2302 1061 Athenienses
2343 1012 2500 1084 prae
2543 989 2847 1062 omnibus

739 1143 1005 1217 Graecis
1053 1145 1177 1217 sibi
1218 1145 1668 1233 vindicarunt,
1723 1144 2181 1240 anteponenda
2229 1146 2317 1216 sit
2365 1145 2671 1240 politicae
2711 1144 2875 1243 illi,

737 1324 937 1394 quam
987 1299 1261 1370 fortasse
1310 1298 1485 1371 hanc
1534 1301 1745 1395 ipsam
1797 1299 1879 1369 ob
1929 1321 2199 1370 causam
2250 1299 2636 1370 amiserunt.

755 1492 761 1501 f
830 1453 1274 1525 Nihilominus
1324 1475 1452 1548 quo
1518 1456 1813 1547 tempere
1879 1476 1984 1524 res
2051 1452 2313 1548 publica
2381 1452 2666 1524 maxime
2730 1452 2846 1523 flo-

732 1607 950 1695 rebat,
1017 1613 1330 1679 neutrum
1397 1605 1666 1693 horum,
1736 1630 1859 1677 nec
1926 1629 2031 1677 res
2077 1606 2347 1694 bellica,
2400 1630 2614 1702 neque
2665 1611 2841 1677 artes

731 1762 1073 1858 neglectae
1125 1767 1298 1833 sunt.
1402 1760 1866 1832 Demosthenis
1917 1784 2071 1833 vero
2132 1768 2350 1833 aetate
2400 1760 2635 1831 merito
2687 1759 2839 1832 civi-

730 1917 854 1988 bus
897 1916 1131 1988 levitas
1175 1939 1252 1986 ac
1302 1887 1634 1986 dementia
1673 1914 1968 2009 objectae
2018 1921 2206 2003 sunt,
2260 1916 2499 2010 quibus
2550 1914 2837 1987 civitatis

729 2070 1101 2143 libertatem
1144 2068 1429 2140 ludendo
1464 2069 2059 2165 pessumdederint,
2104 2070 2277 2165 quod
2313 2071 2393 2142 ab
2429 2071 2572 2166 ipso
2607 2070 2837 2141 Demo·

731 2224 965 2299 sthene
990 2225 1242 2296 factum
1276 2223 1602 2311 videmUS,
1639 2225 1751 2296 ubi
1795 2223 1956 2296 dicit
1976 2223 2062 2316 1);
2110 2231 2365 2298 »καίτοι
2404 2232 2469 2298 τί
2504 2230 2754 2309 δήποτε,
2798 2225 2840 2292 ὦ

719 2384 949 2468 ἄνδρες,
975 2382 1331 2459 Ἀθηναῖοι,
1375 2383 1650 2465 νομίζετε
1675 2434 1693 2464 ,
1743 2387 1853 2463 τὴν
1898 2385 2013 2465 μὲν
2059 2390 2178 2450 τῶν
2221 2383 2673 2461 Παναθηναίων
2717 2384 2836 2464 ἐορ-

722 2539 831 2616 τῆν
862 2537 970 2605 καὶ
1007 2539 1127 2642 ,τὴν
1171 2544 1288 2604 τῶν
1320 2538 1643 2605 Διονυσίων
1672 2538 1771 2605 ἀεὶ
1813 2543 1919 2604 τοῦ
1958 2536 2336 2614 καθήκοντος
2367 2538 2584 2622 χρόνου
2625 2538 2836 2617 γενέσ-

720 2692 871 2766 θαι.
919 2728 1010 2742 —-
1054 2694 1141 2766 εἷς
1204 2686 1249 2757 ἃ
1303 2694 1558 2758 τοσαῦτ’
1604 2692 1982 2758 ἀναλίσκετε
2011 2692 2367 2774 χρήματα,
2412 2688 2533 2756 ὅσα
2579 2689 2699 2756 οὐδ’
2743 2691 2832 2763 εἷς

720 2804 849 2910 ἕνα,
882 2825 999 2911 τῶν
1033 2843 1431 2926 ἀποστόλων,
1482 2844 1585 2911 καὶ
1623 2848 1907 2911 τοσοῦτον
1944 2844 2131 2927 ὄχλον
2153 2898 2169 2924 ,
2219 2846 2323 2912 καὶ
2364 2842 2671 2919 τοσαύτην
2710 2867 2830 2909 πα-

721 2998 1054 3078 ρασκευὴν,
1100 2995 1243 3073 ὅσην
1287 3000 1395 3064 οὐκ
1441 2994 1556 3064 οἷδ’
1599 2996 1660 3064 εἴ
1700 3020 1795 3071 τις
1842 3004 1959 3063 τῶν
2006 2997 2297 3064 ἁπάντων
2334 2996 2548 3080 ἔχεθ’,
2598 3023 2657 3064 κ.
2683 3021 2742 3062 τ.
2768 3012 2831 3064 λ.

822 3144 1022 3217 Plura
1086 3150 1304 3233 erant,
1367 3145 1605 3242 quibus
1656 3143 2093 3216 Athenienses
2143 3145 2463 3241 choragos
2514 3170 2668 3219 suos
2716 3148 2866 3219 im·—

726 3299 1106 3394 pediebant,
1174 3300 1525 3395 quominus
1589 3299 1835 3369 nimiae
1885 3300 2311 3396 indulgerent
2372 3302 2827 3397 parsimoniae.

726 3453 854 3538 Qui
904 3477 1037 3525 non
1089 3453 1537 3526 satisfaciebat
1599 3454 1715 3542 iis,
1767 3479 1938 3551 quae
1988 3457 2094 3528 lex
2144 3456 2488 3552 poscebat,
2542 3480 2580 3526 a
2630 3458 2835 3550 magi-

726 3608 1040 3679 stratibus
1090 3608 1173 3679 ad
1223 3608 1515 3681 officium
1562 3610 2003 3683 revocabatur
2037 3609 2116 3705 ²).
2219 3610 2390 3682 Fleri
2446 3616 2666 3680 tamen
2725 3634 2834 3706 po-

725 3768 931 3849 terat,
1022 3769 1096 3834 ut
1170 3762 1321 3859 quis
1405 3763 1539 3857 legi
1614 3765 1882 3860 quidem
1958 3767 2399 3852 satisfaceret,
2475 3787 2605 3835 non
2679 3788 2834 3837 vero

724 3917 994 4013 popu10,
1064 3918 1175 4014 qui
1243 3917 1361 3987 tali
1427 3917 1495 3987 in
1562 3941 1763 3990 causa
1813 3921 2223 3993 iracundiam
2276 3919 2437 3991 satis
2487 3920 2833 3994 manifeste

794 4276 842 4337 1)
879 4277 999 4326 vid.
1034 4276 1314 4350 quosth„
1350 4278 1567 4343 Philipp.
1603 4281 1659 4341 1,
1695 4296 1743 4346 p.
1766 4287 1859 4342 51,
1895 4282 2066 4332 Reisk:

794 4378 846 4438 2)
882 4372 1191 4436 Xenophon,
1229 4374 1414 4435 Hier0‚
1453 4380 1509 4437 9,
1546 4384 1593 4427 4.
