3414 5176
1605 554 1609 561 ‘
1701 543 1749 611 5

681 776 823 854 eet,
885 770 1111 840 eadem
1178 769 1258 839 de
1318 768 1441 840 hae
1495 770 1732 855 valere,
1766 790 1952 862 vquae
2003 768 2083 837 de
2136 770 2369 866 ceteris
2430 770 2787 868 choragiis,

687 929 798 1002 ubi
866 952 994 1000 non
1061 931 1203 1025 ipsa
1270 929 1361 1000 rei
1429 935 1664 1002 natura
1733 928 1859 999 alia
1909 928 2231 1024 quaedam
2282 931 2350 1002 in
2401 933 2597 1005 rebus
2646 932 2790 1005 dra-

685 1090 946 1162 matieis
995 1089 1355 1162 obtinuisse
1406 1090 1671 1162 eredere
1721 1112 1841 1161 nos
1885 1089 2129 1184 jubeat.

781 1251 1137 1324 Videamus
1187 1272 1367 1345 erge,
1417 1273 1743 1345 quaenam
1796 1249 1890 1345 ab·
1926 1250 2087 1347 ipsis
2137 1251 2468 1324 veteribus
2520 1255 2601 1326 de
2644 1253 2813 1326 eho-'

681 1413 773 1484 ris
823 1411 1034 1507 deque
1084 1409 1393 1506 choragia
1444 1415 2065 1497 commemorentur,
2116 1433 2325 1506 eaque
2369 1412 2450 1484 ad
2493 1401 2793 1487 nestrum

686 1577 1151 1667 argumentum
1236 1571 1475 1644 referre
1552 1593 1886 1644 conemur.
2008 1570 2227 1643 Prima
2295 1580 2557 1662 autem,
2627 1599 2797 1670 quae

682 1731 869 1804 nobis
919 1755 990 1804 se
1039 1730 1250 1818 offert,
1303 1731 1600 1827 quaestio
1649 1731 1816 1804 haee
1864 1739 1996 1804 est:
2050 1731 2282 1817 Qualis
2333 1732 2459 1806 fuit
2512 1734 2794 1806 chorus?

681 1892 1092 1977 Quibusnam
1146 1892 1443 1965 constitit
1485 1893 1823 1987 personis?

1124 2272 1160 2366 ἓ
1212 2271 1277 2340 2.
1358 2290 1448 2341 DE
1497 2286 2011 2341 cuonnu‘rAnuM
2063 2289 2365 2343 Monens.

785 2464 1028 2537 Munus
1077 2465 1451 2552 choi-eatae,
1519 2486 1650 2534 non
1712 2464 1932 2536 minus
1981 2488 2181 2559 quarn
2242 2465 2449 2562 ipsius
2497 2463 2792 2564 choragi,

684 2649 929 2703 munus
977 2625 1340 2722 publicum,
1391 2625 1685 2721 liturgia,
1736 2631 1897 2696 erat.
2002 2637 2131 2699 »Ὁ
2171 2633 2298 2714 γὰρ
2341 2599 2521 2715 χρρὸς
2569 2632 2639 2712 ἦν
2681 2642 2793 2711 τῆς

685 2791 972 2866 πόλεως”
1025 2784 1500 2857 Demosthenes
1558 2783 1720 2856 dicit
1776 2785 1845 2856 in
1912 2787 2236 2873 oratione,
2298 2809 2497 2881 quam
2566 2757 2795 2861 eontra

685 2946 953 3019 Midiam
994 2945 1227 3018 habuit
1261 2945 1309 3039 1)
1334 2999 1350 3031 ‚
1403 2967 1534 3038 qua
1568 2966 1651 3015 ex
1695 2946 1988 3017 oratione
2030 2944 2155 3018 hoe
2196 2970 2456 3043 quoque
2493 2957 2792 3046 apparet,

688 3107 1057 3194 choreutaS‚
1108 3106 1266 3179 dum
1319 3127 1396 3176 eo
1446 3127 1721 3177 munere
1771 3105 2225 3200 fungerentur,
2277 3110 2553 3180 militiae
2594 3109 2797 3182 fuisse

688 3269 1018 3339 immunes
1061 3266 1139 3360 ²).

788 3427 953 3500 Hine
997 3428 1133 3522 jam
1201 3425 1567 3514 conficitur,
1619 3426 1875 3499 civibus
1926 3433 2187 3498 tantum
2239 3427 2476 3502 Atticis
2527 3436 2595 3500 et
2645 3427 2794 3501 eho-

689 3595 1028 3661 reutarum
1093 3594 1161 3659 et
1234 3586 1666 3683 choragorum
1744 3611 1988 3659 munus
2063 3587 2267 3659 fuisse
2342 3588 2789 3677 subeundum,

690 3750 862 3844 quod
913 3747 1108 3821 multi
1158 3748 1433 3843 probant
1482 3754 1781 3822 veterum
1832 3749 1957 3820 loei
2005 3747 2080 3843 3).

763 4044 813 4107 1)
849 4044 971 4096 Via.
1005 4027 1268 4095 Demosth.
1303 4044 1556 4105 Midiam,
1595 4047 1625 4107 ς
1660 4050 1741 4093 25.
2030 4048 2083 4111 2)
2121 4046 2240 4095 via.
2275 4044 2366 4094 1.1.
2405 4046 2434 4106 ς
2474 4047 2531 4092 15

755 4142 815 4203 3)
849 4141 970 4191 vid.
1003 4142 1285 4202 Demosth.‚
1318 4143 1355 4191 l.
1389 4142 1425 4191 l.
1463 4143 1492 4203 ξ
1524 4145 1614 4201 56,
1649 4156 1697 4205 p.
1718 4146 1845 4201 532,
1880 4143 2128 4205 Ulpianus
2162 4143 2225 4191 ad
2252 4141 2304 4190 h.
2338 4140 2403 4200 1.‚
2438 4138 2559 4204 Ulp.
2596 4141 2660 4189 ad
2691 4139 2787 4189 De·

690 4238 872 4288 mosth.
924 4253 967 4287 c.
1019 4238 1249 4302 Leptin„
1297 4254 1346 4302 p.
1378 4242 1501 4297 278,
1553 4238 1752 4288 Andoc.
1801 4254 1841 4287 c.
1904 4238 2098 4298 Alcib„
2155 4239 2184 4299 ξ
2218 4241 2307 4296 31,
2356 4252 2401 4300 p.
2440 4239 2529 4286 127
2584 4235 2786 4295 Reisk„

694 4334 948 4385 Plutarch.
985 4335 1039 4383 in
1081 4335 1233 4384 Phoc.
1287 4351 1328 4384 c.
1367 4341 1446 4385 30.
