3414 5176
1651 594 1780 664 103

658 830 871 910 esset,
946 821 1213 916 choragi
1289 821 1663 893 auctoritati
1731 819 2112 912 subjectuS,
2180 821 2500 893 absonum
2531 780 2749 910 ‘essc,

658 977 837 1049 hunc
900 975 1502 1049 chorodidascalum
1570 976 1790 1072 potius
1839 997 2036 1068 quam
2088 973 2449 1070 choragum
2499 977 2568 1046 in
2619 1000 2751 1049 cer-

656 1133 904 1205 tamine
952 1132 1267 1205 victorem
1316 1151 1621 1217 censere,
1673 1127 1980 1201 omnibus
2030 1130 2257 1200 statim
2308 1137 2577 1226 apparet
2621 1131 2696 1225 ¹).

750 1284 1071 1358 Omnibus
1136 1286 1341 1381 igitur
1405 1284 1774 1381 perpensis,
1841 1284 2247 1378 quaestioni,
2315 1308 2512 1378 quam
2565 1283 2751 1356 nobis

651 1444 1033 1518 solvendam
1073 1443 1554 1540 proposuimuS‚
1598 1441 1693 1513 sic
1735 1441 2261 1536 respondendum
2301 1465 2447 1513 esse
2481 1464 2745 1513 censeo:

649 1597 1049 1693 choragum,
1110 1596 1351 1693 quippe
1401 1596 1513 1691 qui
1564 1596 1775 1667 tribus
1816 1595 2071 1667 Atticae
2129 1596 2326 1668 choro
2377 1602 2748 1690 praeesset,

650 1777 782 1826 non
832 1775 987 1827 vero
1044 1757 1303 1848 poetam
1355 1775 1406 1822 s.
1461 1750 1903 1837 didascalum,
1973 1751 2040 1821 in
2081 1750 2442 1822 certamine
2492 1751 2750 1822 scenico

647 1907 851 1979 fuisse
899 1906 1234 1997 victorem..

722 2201 775 2267 1)
822 2186 1085 2251 Boeckhio
1127 2200 1453 2250 nihilominus
1494 2200 1619 2249 adeo
1660 2212 1951 2264 persuasum
1994 2204 2094 2258 est,
2145 2203 2346 2263 poetam
2381 2200 2435 2249 in
2479 2202 2747 2255 certamine

651 2299 891 2349 victorem
924 2296 1075 2348 fuisse
1089 2335 1104 2359 ,
1136 2304 1196 2347 ut
1227 2303 1438 2356 statuat,
1475 2298 1518 2346 si
1551 2303 1697 2361 poeta
1730 2310 1914 2347 nomen
1947 2296 2144 2361 publice
2175 2311 2279 2346 non
2313 2295 2561 2360 professus
2593 2306 2748 2358 esset,

647 2402 868 2446 actorem
902 2394 1176 2459 primarum
1208 2394 1426 2458 partium
1451 2393 1566 2443 loco
1595 2401 1773 2459 poetae
1804 2394 2066 2445 victoriam
2106 2399 2386 2458 reportasse
2420 2395 2568 2460 (Vid.
2602 2394 2663 2446 C.
2700 2397 2745 2444 Ι.

580 2513 584 2517 ·
650 2493 797 2556 1.1.);
833 2505 994 2554 quum
1038 2496 1256 2552 constet,
1301 2496 1504 2555 poetae,
1540 2490 1639 2540 nisi
1671 2491 1812 2541 chori
1854 2490 2091 2555 magister
2134 2498 2286 2550 esset,
2332 2506 2496 2556 neque
2528 2492 2581 2541 in
2614 2508 2746 2542 com-

646 2591 886 2642 missione
912 2603 1074 2655 neque
1106 2588 1160 2638 in
1187 2588 1395 2640 victoria.
1421 2590 1549 2639 ullas
1575 2587 1731 2640 fuisse
1758 2596 1923 2655 partes
1936 2627 1952 2651 ‚
1985 2604 2115 2655 quae
2142 2591 2195 2640 in
2223 2590 2500 2654 primarum
2525 2595 2746 2641 actorem

642 2689 857 2739 tramite
888 2687 1183 2752 potuissent.

710 2784 794 2835 Ex
825 2785 948 2844 hac,
975 2785 1039 2834 de
1069 2799 1170 2849 qua
1202 2783 1392 2834 mentio
1423 2783 1507 2833 hic
1536 2784 1621 2844 fit,
1654 2783 1903 2834 sententia
1936 2783 2225 2834 Boeckhius
2251 2783 2505 2848 explicare
2537 2790 2745 2835 conatur

641 2882 986 2933 difficillimam
1021 2880 1160 2931 illam
1192 2881 1255 2931 de
1288 2879 1571 2931 Callistrato
1601 2887 1651 2931 et
1683 2880 1974 2941 Philonide,
2015 2881 2370 2945 Aristophanis
2406 2880 2714 2945 adjutoribus
2727 2921 2742 2942 ,

640 2980 1001 3045 quaestionem.
1053 2977 1265 3039 Statuit,
1291 2978 1384 3028 hos
1401 2977 1675 3042 primarum
1700 2984 1890 3028 actores
1907 2976 2264 3041 Aristophanis
2294 2977 2447 3027 fuisse
2460 3015 2475 3036 ‚
2503 2979 2558 3027 in
2590 2994 2741 3043 quos,

640 3092 798 3140 quum
857 3075 1224 3139 Aristophanes
1276 3090 1461 3125 nomen
1504 3075 1727 3140 profiteri
1775 3075 1956 3135 nollet,
2018 3074 2125 3138 ejus
2173 3074 2390 3124 honores
2438 3075 2740 3125 transierint.

642 3171 820 3223 Potius
867 3173 1170 3222 credendum
1183 3209 1198 3232 ,
1257 3186 1343 3222 eos
1393 3171 1749 3236 Aristophanis
1791 3172 1903 3223 loco
1949 3171 2090 3221 chori
2139 3172 2492 3236 magistrorum
2532 3186 2743 3223 munere

640 3282 749 3321 esse
772 3269 995 3330 functos,
1021 3284 1121 3335 qua
1145 3269 1430 3333 explicandi
1455 3268 1653 3319 ratione
1680 3275 1852 3318 nostra
1877 3269 2197 3319 confirmatur
2228 3268 2503 3328 sententia,
2537 3282 2605 3318 ex
2639 3284 2739 3333 qua

641 3382 743 3416 non
777 3371 950 3430 poeta,
984 3365 1070 3415 sed
1102 3364 1532 3415 chorodidascalus
1549 3371 1748 3415 tantum
1779 3366 2016 3417 victoriae
2047 3366 2297 3416 honorum
2312 3365 2461 3415 fuerit
2477 3366 2736 3430 particeps.

638 3462 717 3515 De
756 3464 851 3514 hac
892 3461 1210 3527 quaestione,
1253 3470 1446 3526 praeter
1490 3462 1594 3513 alia
1639 3464 1825 3525 multa,
1858 3463 1923 3514 cf.
1978 3464 2126 3515 Kock
2148 3501 2161 3524 ‚
2213 3463 2277 3513 de
2328 3462 2461 3512 Phil.
2512 3468 2563 3512 et
2605 3460 2732 3512 Call.

640 3560 852 3627 (Gymn.
886 3558 1083 3612 Guben.
1119 3560 1434 3623 Programm.
1473 3557 1536 3610 ai.
1576 3561 1747 3626 1855).
