3414 5176
1589 610 1717 680 101

708 835 928 920 Quum
980 840 1203 905 tamen
1254 833 1480 907 nullus
1529 840 1840 931 suppetat
1883 840 2178 906 veterum
2229 835 2414 908 locus
2465 837 2578 934 qui
2627 861 2711 909 eo

610 1011 730 1060 nos
795 987 1034 1075 ducat,
1099 996 1171 1061 ut
1236 987 1354 1060 tali
1421 987 1674 1060 ratione
1740 1011 1967 1061 revera
2031 1012 2138 1061 res
2204 1009 2348 1061 sese
2396 988 2706 1064 habuisse

615 1150 924 1238 putemus
946 1198 964 1231 ‚
1015 1163 1138 1214 nec
1186 1142 1625 1216 recentiorum
1663 1141 2007 1216 doctorum
2042 1144 2222 1239 quis,
2256 1142 2429 1239 quod
2464 1145 2710 1232 sciam,

613 1297 853 1394 duplex
903 1297 1009 1371 vel
1070 1296 1304 1391 triplex
1369 1302 1703 1368 certamen
1765 1296 2107 1386 admittat,
2159 1321 2283 1370 nec
2332 1297 2523 1369 nobis
2568 1299 2710 1394 qui·

616 1451 765 1522 dem
817 1452 952 1526 veri
1012 1450 1226 1523 simile
1291 1449 1629 1538 videatur,
1681 1452 1884 1524 missa
1943 1451 2070 1523 hac
2108 1453 2529 1547 quaestione,
2582 1459 2713 1524 sta·

614 1612 803 1677 tuere
868 1629 1058 1702 posse
1122 1603 1312 1677 nobis
1366 1605 1705 1694 videmur,
1760 1608 1828 1677 in
1878 1606 2238 1707 certamine
2289 1613 2404 1678 aut
2453 1614 2712 1703 poetam

615 1765 733 1832 aut
767 1758 1125 1855 choragum
1161 1759 1436 1847 vicisse3
1489 1785 1694 1855 quum
1738 1767 1929 1857 poeta
1971 1761 2301 1847 vinceret,
2353 1759 2720 1857 choragum

618 1915 856 2001 simul,
916 1916 1029 2010 qui
1082 1921 1313 2010 poetae
1361 1914 1635 1988 chorum
1703 1913 2151 2011 praebuisset,
2213 1914 2524 1987 victoriae
2574 1938 2716 2009 par-

619 2069 891 2163 ticipem
959 2067 1201 2154 fuisse3·
1269 2092 1477 2163 quum
1543 2074 1771 2141 contra
1837 2067 2163 2164 choragus
2231 2069 2437 2142 victor
2501 2074 2718 2154 esset,

620 2222 1028 2295 didascalum
1096 2244 1395 2317 quoque,
1463 2222 1575 2316 qui
1651 2222 1939 2294 fabulam
2015 2222 2383 2310 docuisset,
2457 2244 2718 2296 corona:-

624 2384 764 2448 tum
815 2399 983 2448 esse.

716 2530 862 2618 Qua
939 2530 1191 2603 ratione
1265 2554 1402 2627 rem
1480 2554 1551 2603 se
1617 2530 1928 2604 hahuisse
1995 2531 2117 2604 viri
2186 2530 2369 2603 docti
2429 2530 2551 2604 sibi
2602 2529 2717 2601 fin-

620 2686 870 2774 xerint,
906 2710 1113 2782 quum
1164 2710 1391 2759 eorum
1434 2684 1629 2757 effata
1669 2709 1866 2781 saepe
1905 2683 2182 2758 obscura
2224 2687 2369 2757 sint
2399 2691 2466 2757 et
2492 2709 2718 2758 secum

623 2848 961 2936 pugnent,
1005 2864 1125 2913 nos
1162 2840 1323 2911 latet
1360 2841 1435 2935 ¹).
1490 2838 1587 2909 Ne
1627 2837 1999 2911 Boeckhius
2024 2838 2289 2935 quidem
2327 2865 2604 2937 usquam
2642 2838 2721 2909 de

623 2992 946 3066 industria
1027 3019 1167 3067 rem
1243 2992 1603 3088 explicasse
1677 2993 1958 3065 videtur.
2071 2991 2310 3079 Credo,
2386 2996 2717 3067 neminem

625 3169 917 3240 unquam
969 3145 1210 3234 fuisse,
1263 3147 1375 3240 qui
1427 3145 1520 3216 rei
1572 3146 1772 3231 satis,
1823 3145 1892 3215 ni
1935 3142 2163 3231 fallor,
2215 3146 2569 3242 impeditae
2606 3147 2724 3219 dif-

624 3300 990 3372 ficultatem
1038 3313 1305 3396 prorsus
1347 3299 1786 3394 perspexerit,
1827 3297 2071 3370 nedum
2114 3300 2563 3395 quaestionem
2599 3301 2721 3373 sibi

624 3454 1007 3530 solvendam
1058 3453 1487 3550 proposuerit.

723 3609 817 3679 Ex
885 3607 1190 3680 omnihus
1266 3630 1457 3693 ver0,
1534 3631 1701 3701 quae
1772 3606 1850 3676 de
1918 3605 2227 3678 Boeckhii
2288 3609 2591 3705 opinione
2642 3609 2723 3679 de

631 3763 1110 3835 commissionis
1168 3762 1466 3833 scenicae
1525 3766 1763 3831 natura
1830 3759 2018 3832 nobis
2068 3761 2535 3853 innotuerunt,
2588 3764 2726 3859 jam

633 3914 759 3986 hoc
784 3914 1061 3988 'efficere
1112 3916 1305 4002 licet,
1356 3915 1676 3986 rationem
1701 3970 1717 4002 ,
1770 3938 1900 4008 qua
1951 3915 2238 3989 fabulam
2290 3924 2357 3989 et
2414 3919 2686 3991 chorum
2711 3973 2730 4002 ,

631 4209 901 4273 choragum
934 4211 1270 4263 maximorum
1307 4214 1550 4264 honorum
1587 4211 1877 4282 participem
1911 4210 2063 4262 fuisse
2094 4211 2346 4273 concedit,
2381 4213 2558 4266 confici
2590 4227 2731 4279 posse

630 4305 886 4366 videatur,
918 4305 1068 4370 hujus
1102 4323 1296 4373 quoquc
1333 4309 1503 4358 laudes
1538 4307 1816 4359 decrevisse
1849 4314 2116 4360 certamen.

706 4402 756 4468 ι)
794 4401 874 4455 Cf.
909 4416 957 4455 e.
992 4418 1042 4466 g.
1077 4404 1214 4455 locus
1247 4403 1481 4470 Geppcrti
1516 4419 1663 4470 supra
1696 4404 1895 4456 allatus.
