3414 5176
1684 548 1777 619 36

683 801 819 851 τους
858 775 961 842 xa)
997 776 1136 850 τοὺς
1181 774 1397 856 ὕμνους
1433 779 1518 859 τῷ
1555 777 1680 864 θεῷ
1721 786 1948 845 ποιεῖτε
1986 781 2050 845 οὐ
2097 778 2274 858 μόνον
2313 778 2483 843 κοοτοὶ
2514 779 2652 853 τοὺς
2699 781 2781 846 νό·

678 953 830 1010 μους
866 929 1005 1004 τοὺς
1045 928 1178 1012 περὶ
1213 931 1330 995 τῶν
1362 932 1711 1011 Διονυσίων,
1759 934 1936 998 ἀλλὰ
1972 932 2077 999 καὶ
2119 932 2290 997 κατὰ
2327 934 2445 1006 τὰς
2480 935 2784 1012 μαντείαις

678 1083 742 1146 ἐν
803 1075 904 1156 οιῖς
962 1081 1245 1156 ἁπάσαις
1302 1082 1673 1164 οἰνηρημένον
1723 1086 2006 1167 εὑρήσετε
2069 1095 2144 1169 τῇ
2194 1082 2402 1163 πόλει,
2450 1086 2663 1163 ὁμοίως
2715 1086 2782 1151 ἐκ

676 1239 945 1317 Δελφῶν
983 1232 1087 1300 καὶ
1138 1236 1208 1300 ἐκ
1256 1234 1586 1313 Δωδώνης,
1632 1238 1851 1319 χοροὺς
1899 1239 2148 1306 ἱστάναι
2196 1237 2368 1305 κατὰ
2415 1236 2499 1301 τοὶ
2547 1236 2783 1319 mia-pm

673 1388 778 1454 καὶ
864 1389 1077 1452 κνισᾶν
1160 1387 1394 1465 ἀγυιὰς
1481 1388 1585 1453 ua}
1669 1388 2231 1471 στεφανηφορεῖν.”
2351 1382 2777 1456 Manifestum

673 1533 911 1628 igitur,
955 1533 1049 1602 ita
1096 1531 1573 1607 Demosthenes
1630 1535 1883 1630 pergit,
1936 1533 2169 1606 choros
2218 1558 2576 1632 eorumque
2625 1538 2776 1610 cho-

675 1709 870 1781 ragos
929 1686 1097 1758 festo
1163 1688 1269 1760 die
1320 1711 1436 1785 pro
1495 1688 1677 1761 vobis
1742 1690 1805 1782 (i.
1852 1710 1908 1758 e.
1974 1696 2050 1759 ut
2099 1712 2247 1776 VOS,
2301 1689 2772 1778 AthenienseS,

671 1842 931 1942 legibus
1007 1813 1203 1937 atque
1279 1842 1562 1916 oraculis
1651 1841 2123 1951 obsequamini)
2200 1865 2420 1914 sacras
2502 1867 2773 1917 coronas

671 2003 949 2092 gestare.
1053 1995 1467 2092 Quicumque
1526 2018 1679 2069 vero
1730 1994 2064 2066 hominem
2116 2019 2302 2088 sacra
2352 1997 2466 2068 illa
2515 1999 2774 2070 redimi·

669 2159 814 2224 tum
873 2174 1142 2239 corona,
1195 2153 1333 2225 sive
1400 2149 1784 2222 choreutam
1861 2152 1999 2222 sive
2065 2151 2425 2246 choragum
2450 2208 2466 2238 ,
2533 2154 2771 2249 injuria

671 2305 907 2392 afficit,
977 2312 1171 2400 atque
1238 2294 1629 2400 hocquidem
1698 2305 1764 2374 in
1818 2305 1958 2399 ipso
2020 2304 2186 2376 festo
2255 2311 2451 2401 atque
2508 2308 2577 2377 in
2627 2309 2768 2403 ipso

669 2459 773 2531 dei
824 2459 1106 2554 templo:
1177 2468 1442 2532 »τοῦτον
1489 2462 1655 2530 ἄλλο’
1696 2489 1755 2529 τι
1804 2467 1965 2540 πλὴν
2010 2466 2270 2544 ἀσεβεῖν
2306 2467 2668 2549 §Udo-ousia?

763 2613 960 2686 Aliud
1009 2613 1386 2710 exemplum
1435 2611 1562 2684 hoc
1610 2620 1712 2685 est
1734 2668 1750 2700 ,
1801 2611 1974 2708 quod
2024 2634 2109 2682 ne
2165 2612 2450 2708 chorago
2500 2614 2765 2709 quidem

664 2767 940 2856 licebat,
1001 2768 1421 2864 peregrinum
1488 2769 1602 2862 qui
1666 2767 1734 2837 in
1802 2763 2077 2838 chorum
2134 2790 2206 2838 se
2256 2768 2762 2857 introduxisset,

665 2924 899 3018 ejicere
948 2921 1184 3009 choro,
1235 2899 1362 2992 nisi
1414 2921 1630 2994 soluta
1680 2919 1929 3006 multa;
1982 2920 2322 3017 multoque
2388 2923 2609 2995 minus
2659 2924 2761 2996 lex

663 3076 1083 3175 permittebat
1132 3077 1554 3179 peregrinum
1605 3076 1674 3147 in
1725 3074 2129 3146 orchestram
2177 3076 2526 3164 inducere,
2587 3078 2760 3172 quod

580 3294 589 3304 .
663 3233 718 3302 si
772 3231 1064 3319 fecisset,
1120 3232 1318 3304 vicies
1359 3230 1603 3325 majore
1653 3229 1969 3325 pecuniae
2020 3254 2281 3301 summa
2331 3231 2755 3305 multabatur.

663 3392 886 3464 »Τίνος
935 3388 1201 3467 ἕνεκα;”
1273 3385 1369 3455 sic
1429 3386 1684 3479 quaerit
1751 3385 1818 3454 in
1886 3384 2115 3455 eadem
2173 3386 2465 3456 oratione
2530 3386 2762 3457 Demo-

660 3539 927 3611 sthenes
947 3538 1021 3632 ¹):
1067 3540 1269 3618 »ὅπως
1309 3548 1398 3624 μὴ
1439 3545 1542 3611 τὸν
1575 3544 2077 3628 ἐστεφανωμένον
2137 3545 2241 3612 κοοὶ
2290 3549 2763 3627 λειτουργοῦντα

658 3700 743 3780 τῷ
811 3697 935 3780 θεῷ
1005 3698 1238 3775 ταύτην
1307 3700 1419 3774 τὴν
1498 3699 1730 3781 ἡμέραν
1801 3707 1965 3781 κοιλῇ
2031 3695 2174 3774 μηδ’
2248 3695 2549 3779 ἐπηρεάζῃ
2615 3696 2760 3773 μηδ’

660 3851 873 3933 ὑβρίζῃ
947 3851 1158 3932 μηδεὶς
1233 3851 1656 3931 ἕξεπίτηδες.”
1764 3843 1978 3928 Quam
2020 3866 2159 3913 rem
2211 3842 2447 3913 deinde
2505 3843 2760 3916 duobus

662 3999 950 4071 illustrat
1000 4000 1317 4095 exemplis
1360 4000 1438 4094 ²).
1544 3998 1637 4067 Eo
1681 3999 1893 4092 majus
1935 3996 2265 4090 flagitium
2308 4000 2758 4094 perpetrabat,

735 4321 781 4387 l)
819 4317 1208 4385 Demosthenes,
1242 4326 1276 4374 l.
1306 4325 1343 4374 1.
1380 4325 1409 4385 ξ
1444 4327 1525 4373 56.
1863 4325 1917 4393 2)
1950 4325 1985 4374 l.
2017 4324 2080 4387 l.,
2121 4327 2149 4388 ξ
2185 4330 2263 4377 58.
2301 4341 2407 4390 sqq.
