3414 5176
1784 537 1873 606 10

864 760 1085 847 Quum
1144 782 1303 835 .vero
1360 767 1506 855 post
1558 758 1962 833 Clisthenem
2015 764 2306 836 tribuum
2360 772 2721 843 certamina
2774 796 2869 844 es-

767 927 915 994 sent
956 921 1345 1008 constituta,
1391 912 1711 1016 choragos
1753 923 2113 1018 appellatos
2150 927 2512 1021 reperimus
2548 951 2660 1001 eos
2687 931 2870 1005 litur-

763 1105 915 1178 gos,
967 1083 1080 1177 qui
1132 1082 1272 1154 suis
1322 1081 1695 1177 sumptibus
1742 1082 1951 1156 tribus
2002 1108 2162 1156 suae
2216 1086 2491 1160 chorum
2559 1089 2868 1164 alendum

764 1247 962 1337 atque
1029 1242 1464 1314 exercendum
1532 1250 1859 1315 curarent.
1964 1243 2109 1327 Qua
2175 1251 2399 1318 tamen
2466 1249 2750 1340 ratione,
2813 1255 2868 1323 si

759 1401 918 1496 quid
960 1406 1062 1473 est
1110 1403 1178 1472 in
1221 1401 1335 1473 illa
1376 1402 1680 1497 opinione
1723 1405 1893 1490 veri,
1947 1404 2112 1477 haec
2153 1409 2433 1494 mutatio
2475 1408 2864 1501 obtinuerit,

760 1584 890 1632 non
941 1560 1167 1656 liquet.
1272 1560 1473 1634 Nobis
1521 1568 1787 1635 tantum
1838 1565 2125 1637 innotuit
2177 1567 2258 1638 de
2323 1569 2437 1655 iis,
2499 1593 2669 1664 quae
2720 1580 2867 1668 post

761 1720 1166 1794 Clisthenem
1241 1722 1701 1813 obtinuerunt,
1787 1749 1992 1820 quum
2060 1726 2407 1799 chororum
2472 1731 2542 1800 in
2594 1730 2864 1804 deorum

757 1881 942 1955 festis
993 1885 1351 1956 certamina
1401 1883 1664 1979 publice
1716 1892 1904 1956 erant
1945 1888 2325 1959 constituta.

853 2042 1043 2129 Quod
1092 2044 1379 2118 vidimus
1421 2044 1503 2115 de
1545 2045 1911 2133 choreutis,
1965 2045 2046 2117 de
2090 2047 2392 2143 choragis
2433 2073 2694 2146 quoque
2736 2058 2863 2124 sta-

751 2205 1077 2279 tuendum
1129 2212 1262 2293 est,
1314 2228 1426 2277 eos
1476 2229 1608 2278 non
1651 2212 1915 2277 tantum
1960 2206 2162 2278 fuisse
2199 2209 2376 2280 cives
2402 2210 2859 2300 AthenienseS‚

751 2367 866 2439 sed
918 2368 1096 2440 cives
1146 2367 1289 2461 eJus
1337 2366 1582 2453 tribus,
1634 2390 1833 2461 quam
1886 2369 1954 2437 in
2006 2369 2366 2440 certamine
2417 2383 2861 2466 repraesenta-

747 2529 900 2600 rint.
1005 2526 1188 2599 Hanc
1236 2530 1460 2597 tamen
1512 2526 1762 2622 legem,
1815 2529 2282 2623 posterioribus
2324 2530 2560 2602 saltem
2612 2538 2858 2628 tempo-

746 2688 959 2777 ribuS‚
1003 2712 1134 2761 non
1179 2689 1674 2760 accuratissime
1715 2688 2127 2762 observatam
2162 2690 2398 2778 fuisse,
2443 2713 2563 2763 nos
2621 2693 2858 2785 docent

746 2851 1206 2946 inscriptiones
1257 2848 1534 2922 Athenis
1584 2856 1880 2945 repertae
1927 2852 2001 2944 ¹).
2084 2848 2257 2935 Quid
2308 2853 2482 2945 quod
2533 2875 2853 2927 nonnum-

746 3034 945 3106 quam
996 3013 1276 3085 duarum
1334 3013 1627 3084 tribuum
1688 3010 1998 3104 choragia
2050 3008 2129 3080 ab
2182 3034 2312 3082 uno
2365 3011 2649 3108 chorago
2717 3038 2854 3087 sus-

746 3174 1109 3270 cipiebatur
1158 3174 1262 3266 ²)‘3

840 3333 1192 3404 Postremis
1237 3333 1636 3427 temporibus
1678 3335 1897 3428 ipsum
1931 3308 2247 3428 populum
2289 3333 2668 3431 choragiam
2714 3358 2851 3406 sus-

741 3498 991 3591 cepisse
1034 3493 1397 3590 ceperimus
1439 3494 1505 3563 in
1549 3495 1831 3587 gratiam
1873 3494 2282 3587 quarundam
2326 3496 2652 3581 tribuum,
2696 3517 2850 3588 pau-

737 3833 932 3881 wesen,
966 3834 1016 3884 p.
1048 3823 1144 3867 114
1175 3832 1250 3883 sq.
1286 3817 1460 3884 (139);
1495 3817 1738 3883 Geppert,
1774 3787 2263 3883 diJaItgi-ieohische
2287 3818 2499 3880 Biihne,
2532 3836 2582 3885 p.
2607 3825 2727 3883 199,
2758 3824 2845 3888 qui

737 3918 857 3969 citat
891 3916 1180 3968 Aristotelis
1221 3915 1375 3966 Polit.
1406 3914 1571 3976 VIII,
1610 3920 1658 3966 6.

808 4016 860 4078 1)
894 4015 1016 4067 vid.
1045 4012 1297 4073 Boeckh„
1324 4011 1516 4077 Corpus
1543 4013 1938 4077 Inscriptionum
1963 4012 2296 4075 Graecarum,
2327 4015 2384 4076 1,
2410 4030 2458 4079 p.
2478 4019 2603 4077 358,
2628 4016 2725 4067 ΝΟ.
2744 4020 2841 4067 223

737 4119 787 4163 et
820 4117 944 4172 224,
977 4126 1189 4176 quarum
1220 4110 1602 4175 inscriptionum
1634 4110 1722 4159 illa
1740 4111 1804 4159 ad
1833 4108 2037 4174 Olymp.
2058 4110 2272 4173 CXIV,
2309 4116 2367 4172 2,
2401 4114 2638 4166 archonte
2665 4114 2840 4179 Cephi-

737 4210 940 4268 sodom,
971 4209 1095 4259 haec
1126 4210 1190 4259 ad
1228 4207 1431 4272 Olymp.
1470 4206 1646 4267 CXV,
1684 4207 1972 4258 Neaechmo
2005 4191 2273 4270 archonte,
2307 4210 2566 4263 referenda
2598 4218 2686 4262 est.

805 4307 861 4369 2)
894 4306 1138 4368 Exempla
1173 4307 1410 4369 praebent
1446 4304 1503 4355 C.
1540 4305 1585 4352 Ι.
1622 4305 1657 4355 1.
1688 4303 1723 4353 1.
1762 4305 1857 4354 N0.
1897 4310 1990 4356 215
2028 4314 2075 4357 et
2112 4313 2224 4357 221.
