3414 5176
1643 585 1725 653 61

758 809 1061 880 Alterum
1177 831 1335 880 suae
1455 809 1821 879 sententiae
1959 814 2421 902 argumentum
2516 784 2741 879 'affert

640 963 1032 1051 Boeckhius,
1108 963 1283 1059 quod
1358 986 1553 1058 saepe
1619 962 1867 1034 factum
1937 962 2047 1047 sit,
2115 985 2318 1032 unum
2386 962 2749 1035 alterumve

641 1125 899 1213 poetam
940 1118 1295 1190 histriones
1329 1115 1662 1204 habuisse,
1705 1119 1818 1212 qui
1861 1115 1986 1188 sibi
2028 1138 2287 1211 semper
2327 1117 2648 1188 servirent
2666 1117 2745 1210 ¹),

638 1279 712 1343 ut
779 1271 1084 1368 Aeschyli
1148 1295 1204 1343 e.
1245 1295 1307 1366 g.
1373 1277 1825 1342 memorantur
1874 1270 2229 1342 histriones
2273 1267 2636 1341 Cleandrus
2678 1274 2746 1339 et

641 1425 1001 1522 Myniscus,
1060 1428 1155 1497 ita
1210 1448 1470 1519 quoque
1531 1423 1895 1520 Sophoclis,
1950 1423 2303 1519 Euripidis,
2356 1428 2745 1495 ceterorum.

643 1576 771 1651 Sed
837 1603 1052 1653 nonne
1118 1578 1245 1651 hoc
1293 1579 1512 1651 locum
1564 1578 1874 1651 hahuisse
1925 1583 2163 1673 potest,
2215 1577 2476 1648 etiamsi
2527 1575 2751 1649 chora-

639 1734 742 1827 gis
793 1734 994 1828 vulgo
1042 1734 1545 1807 tribuerentur?
1648 1732 1902 1828 Cuique
1952 1731 2243 1830 profecto
2284 1731 2568 1826 chorago
2604 1752 2748 1826 gra·

638 1892 782 1958 tum
843 1888 1205 1976 accidebat,
1283 1890 1338 1958 si
1410 1887 1585 1959 ultro
1650 1887 1884 1981 optimi
1954 1886 2015 1956 ei
2091 1885 2562 1980 contingebant
2619 1883 2749 1956 his-

640 2040 889 2111 triones
907 2095 922 2126 ,
990 2064 1199 2134 quum
1260 2041 1549 2132 alioquin
1600 2062 1706 2110 res
1758 2063 1837 2110 ex
1888 2041 2141 2112 incerta
2191 2038 2505 2133 penderet
2555 2039 2748 2110 sortis

642 2192 924 2265 fortuna.

740 2345 995 2432 Restat,
1088 2352 1164 2417 ut
1254 2348 1661 2440 inquiramus
1684 2402 1699 2432 ,
1786 2371 1867 2418 an
1942 2347 2114 2419 inter
2203 2346 2610 2420 didascalum
2687 2350 2754 2417 et

647 2499 1249 2572 chorodidascalum
1316 2503 1411 2572 ita
1484 2501 1910 2596 distinguere,
1990 2507 2064 2571 ut
2130 2500 2500 2573 Boeckhius
2567 2500 2748 2585 facit,

643 2677 756 2748 per
804 2660 1100 2727 veterum
1152 2655 1329 2727 locos
1370 2657 1583 2728 liceat.

739 2807 932 2879 Varia
973 2806 1096 2880 hac
1137 2811 1206 2881 in
1247 2833 1317 2880 re
1361 2834 1399 2880 a
1425 2810 1756 2883 veteribus
1784 2816 2188 2905 usurpantur
2214 2811 2501 2881 nomina.
2557 2808 2748 2881 Modo

638 2962 814 3031 enim
866 2964 1230 3058 reperimus
1303 2965 1578 3059 simplex
1631 2963 2024 3034 vocabulum
2082 2967 2490 3046 διδάσκαλος,
2557 2964 2749 3035 modo

633 3120 1277 3201 τραγῳδοδιδάσκαλος
1325 3123 1392 3187 et
1437 3120 2056 3201 κωμῳδοδιδάσκαλος
2104 3120 2532 3207 usurpantur,
2586 3116 2738 3188 alibi

640 3268 927 3336 occurrit
997 3272 1535 3353 χοροδιδάσκαλος.
1648 3266 1987 3359 Nusquam
2058 3272 2280 3335 autem
2340 3268 2511 3338 inter
2570 3271 2747 3344 varia

639 3420 805 3491 haec
853 3419 1116 3491 nomina
1169 3419 1429 3515 aliquod
1479 3421 1840 3492 obtinuisse
1883 3421 2234 3492 discrimen
2288 3421 2744 3495 animadverti-

640 3598 812 3661 muS,
871 3596 1085 3668 neque
1135 3572 1503 3646 Boeckhius
1552 3574 1753 3669 hujus
1803 3576 1896 3644 rei
1948 3574 2246 3669 exempla
2296 3572 2501 3645 affert.
2582 3576 2742 3649 Gon·
2828 3668 2833 3671 0

639 3728 913 3800 trarium
999 3752 1036 3799 e
1127 3729 1460 3799 nonnullis
1545 3727 1997 3824 Aristophanis
2074 3729 2235 3799 locis
2310 3728 2479 3801 effici
2554 3756 2743 3826 posse

641 3885 821 3972 put0,
896 3904 933 3950 e
1007 3882 1244 3976 quibus
1305 3880 1501 3953 affero
1552 3883 1739 3958 Pacis
1789 3884 2158 3981 parabasin,
2211 3884 2322 3957 ubi
2374 3884 2611 3956 chorus
2662 3885 2743 3955 de

645 4040 836 4126 poeta
886 4033 1177 4127 loquens,
1231 4037 1332 4107 his
1386 4040 1593 4110 utitur
1645 4041 1859 4114 verbis
1888 4041 1965 4133 2);

701 4269 752 4332 l)
803 4266 924 4316 vid.
959 4268 1268 4332 Boeckhius,
1304 4274 1337 4323 l.
1365 4277 1397 4323 1.

697 4353 750 4411 2)
803 4349 922 4399 vich
960 4350 1217 4415 Aristoph.
1248 4356 1383 4416 Pax,
1419 4373 1489 4406 vs.
1525 4360 1640 4414 737,
1681 4372 1785 4418 sqq.
