3414 5176
1643 508 1736 578 40

640 730 708 800 in
759 702 1217 801 commissione
1285 733 1545 804 scenica
1600 738 1822 826 partes
1871 732 2281 826 pertineant,
2332 734 2493 804 satis
2546 734 2735 806 facia-

638 907 827 972 muS,
879 883 1204 979 reliquum
1257 891 1358 957 est
1409 885 1490 955 de
1540 885 1682 979 ejus
1738 886 2005 958 victoria
2057 908 2270 979 agere.

734 1034 804 1108 Si
853 1039 1110 1135 proprie
1161 1039 1337 1135 loqui
1407 1041 1711 1113 volumus
1734 1096 1749 1126 ,
1818 1063 1948 1112 non
2015 1039 2342 1134 choragus
2393 1039 2733 1113 victoriam

638 1192 1048 1287 reportabat,
1117 1193 1232 1265 sed
1308 1194 1538 1267 tribus,
1646 1195 1888 1267 Decem
1955 1195 2132 1265 enim
2198 1193 2411 1265 tribus
2476 1194 2732 1270 Atticae

633 1345 806 1416 inter
854 1368 926 1416 se
977 1346 1193 1419 choris
1235 1348 1611 1438 certabant,
1666 1372 1703 1421 a
1745 1348 2048 1443 choragis
2090 1370 2243 1420 vero
2294 1353 2733 1443 repraesenta-

630 1496 911 1587 bantur,
964 1506 1041 1571 ut
1087 1501 1157 1572 in
1208 1502 1603 1590 certamine,
1657 1505 1752 1574 ita
1802 1504 1868 1573 in
1920 1502 2211 1576 victoria.
2316 1502 2452 1574 Hac
2516 1501 2733 1574 condi-

633 1653 811 1725 tione
863 1651 1225 1750 choragum
1277 1657 1591 1728 victorem
1643 1657 1860 1728 dicere
1918 1656 2073 1728 licet
2119 1656 2194 1750 ¹).

656 1803 663 1809 ’
730 1803 1065 1902 Chorag0‚
1109 1810 1216 1880 cui
1260 1811 1475 1882 omnis
1517 1811 1653 1882 fere
1694 1810 1876 1882 chori
1919 1809 2345 1896 instituendi,
2398 1810 2730 1905 totiusque

632 1961 1010 2034 certaminis
1073 1965 1501 2059 praeparandi
1567 1989 1729 2037 cura
1795 1963 2145 2035 commissa
2196 1964 2447 2049 fuerat,
2500 1964 2728 2035 victori

629 2116 896 2187 maximi
963 2115 1373 2192 habebantur
1439 2119 1737 2191 honores.
1840 2119 2166 2190 Victoriae
2232 2119 2490 2212 insigne
2558 2117 2730 2213 apud

630 2268 912 2342 Graecos
961 2278 1101 2342 erat
1150 2296 1425 2362 corona,
1476 2275 1545 2345 in
1589 2274 2049 2369 Dionysiorum
2098 2273 2457 2345 certamine
2494 2294 2730 2343 corona

632 2424 1030 2512 hederacea,
1083 2450 1288 2521 quum
1340 2426 1584 2500 hedera
1635 2425 1896 2498 Baccho
1947 2451 2132 2499 sacra
2181 2434 2355 2498 esset
2390 2428 2467 2522 ²).

725 2579 989 2654 Praeter
1030 2603 1375 2667 coronam,
1420 2581 1630 2654 tribus
1664 2583 1804 2655 sive
1845 2581 2065 2678 potius
2106 2577 2431 2676 choragus
2473 2602 2730 2675 quoque

629 2735 991 2831 accipiebat
1054 2739 1478 2832 praemium,
1529 2759 1767 2833 nempe
1835 2734 2196 2832 tripodem,
2249 2758 2443 2829 quem
2495 2733 2729 2806 deinde

626 2888 927 2960 sollemni
993 2891 1125 2963 ritu
1193 2890 1313 2962 deo
1363 2913 1745 2963 consecrare
1795 2892 2063 2963 solebat.
2168 2890 2342 2961 Haec
2392 2888 2727 2961 sollemnis

629 3045 1031 3115 consecratio
1091 3045 1482 3140 (ἀνάθεσις),
1535 3070 1663 3139 qua
1731 3046 1906 3118 haud
1965 3045 2264 3140 paullum
2316 3043 2727 3138 augebantur

623 3197 970 3292 choragiae
1022 3206 1358 3295 sumthS,
1406 3208 1550 3271 erat
1602 3201 1874 3295 tripodis
1924 3198 2264 3271 collocatio
2314 3199 2382 3268 in
2440 3197 2580 3269 basi
2631 3199 2726 3269 in-

629 3351 978 3447 scriptione
1054 3355 1447 3450 conspicua,
1527 3356 1665 3427 sive
1734 3357 1800 3425 in
1854 3354 1993 3448 ipso
2069 3352 2365 3440 theatro,
2444 3352 2581 3424 sive
2657 3353 2724 3422 in

625 3503 1244 3623 Dionysiptemplo,
1312 3511 1448 3582 sive
1516 3511 1583 3579 in
1655 3511 1757 3580 via
1824 3507 2152 3601 tripodum
2221 3507 2394 3577 dicta
2465 3510 2724 3599 propter

694 3806 742 3865 l)
779 3806 914 3857 Xen.
948 3806 1162 3857 Memor.
1209 3808 1323 3867 ΙΙΙ,
1372 3814 1418 3857 3.
1459 3809 1487 3870 ξ
1523 3813 1568 3855 5.
1609 3806 1704 3853 καὶ
1741 3805 1998 3854 δαπανᾶν
2036 3803 2267 3854 &ai-vor
2304 3802 2714 3867 (Antisthenem‚

618 3905 706 3967 qui
737 3905 932 3967 saepius
959 3906 1156 3969 egregie
1184 3905 1381 3954 functus
1408 3904 1642 3966 choragia
1674 3910 1873 3967 praetor
1904 3904 2063 3952 fuerat
2090 3903 2308 3962 creatus)
2339 3900 2483 3956 εἰκὸς
2514 3900 2720 3962 μᾶλλον

619 3999 686 4048 ἂν
727 4002 948 4051 ἐθέλειν
994 4005 1077 4060 εἷς
1117 4006 1220 4068 τὴν
1265 4003 1363 4052 σὺν
1412 4000 1511 4064 ὅλῃ
1562 4004 1633 4063 τῇ
1675 3999 1836 4049 πόλει
1882 4000 1990 4047 τῶν
2035 3998 2345 4060 πολεμικῶν
2379 3999 2535 4064 νίκην
2566 4001 2600 4065 ἦ
2638 4000 2722 4056 εἷς

620 4103 721 4166 τὴν
760 4102 858 4151 σὺν
893 4103 964 4165 τῇ
996 4100 1138 4164 φυλῇ
1171 4101 1280 4149 τῶν
1316 4098 1564 4166 χορικῶν.

685 4202 740 4263 2)
777 4201 897 4250 vid.
944 4201 1207 4251 Demosth.
1262 4200 1389 4248 Mid.
1438 4214 1486 4261 p.
1516 4202 1612 4247 532
1661 4203 1710 4246 et
1759 4200 1873 4245 535.
1927 4195 2050 4245 Rsk.
2103 4195 2331 4261 Aleiphr.
2383 4199 2507 4262 Epp.
2540 4198 2624 4256 11,
2662 4203 2711 4244 3.

615 4313 663 4361 p.
694 4303 785 4347 231
826 4307 875 4347 et
913 4303 1006 4348 238
1061 4298 1281 4360 Bergk.,
1324 4296 1616 4346 Athenaeus
1656 4295 1735 4354 V,
1771 4308 1818 4356 p.
1851 4297 1963 4342 217.
