3414 5176
1506 588 1592 659 13

503 822 556 892 si
599 819 762 891 fides
803 815 1102 888 habenda
1145 785 1475 887 secundae
1511 814 1837 886 Midianae
1871 814 2252 911 hypothesi:
2286 824 2608 906 »παυομέ-

496 1011 597 1064 unc,-
643 986 715 1074 (l.
758 981 1186 1070 παυσαμένης)
1234 982 1298 1048 δὲ
1344 990 1454 1057 τῆς
1491 983 1692 1064 ἑορτῆς
1742 984 1805 1048 ἐν
1849 984 1935 1065 τῷ
1980 985 2193 1065 πρώτῳ
2237 983 2383 1063 μηνὶ
2431 987 2613 1067 προῦ-

497 1142 811 1223 βοὶλλοντο
856 1144 906 1209 οἱ
944 1138 1199 1224 χορηγοὶ
1247 1147 1357 1216 τῆς
1405 1140 1756 1220 μελλούσης
1797 1141 2079 1224 {ope-543⁹

595 1297 997 1368 Ferebantur
1057 1294 1326 1391 choragi
1351 1350 1366 1381 ‚
1445 1301 1521 1366 ut
1580 1296 1720 1367 veri
1770 1296 1988 1368 simile
2038 1318 2184 1367 esse
2232 1318 2431 1391 supra
2475 1298 2613 1390 jam

504 1457 812 1543 vidimuS,
865 1479 902 1525 e
951 1453 1128 1527 tribu
1180 1477 1301 1526 sua
1353 1460 1548 1548 atque
1592 1456 1792 1527 etiam
1839 1479 1877 1527 a
1921 1456 2097 1528 tribu
2140 1479 2285 1544 sua,
2325 1453 2408 1527 ad
2442 1454 2615 1528 hanc

500 1618 889 1689 electionem
933 1640 970 1688 a
1005 1615 1299 1688 tribuum
1326 1615 1740 1713 curatoribus
1778 1620 1855 1710 (οἱ
1881 1574 2258 1701 {xeneam-xl
2302 1615 2614 1690 dicuntur

496 1790 614 1850 τῶν
659 1783 926 1871 φυλῶν),
1002 1775 1175 1869 quod
1236 1773 1406 1846 effici
1470 1781 1686 1871 potest
1739 1798 1820 1846 ex
1870 1774 2101 1847 eadem
2152 1776 2445 1849 oratione
2494 1776 2614 1849 De·

499 1935 861 2008 mosthenis
913 1936 950 2030 ξ
1004 1934 1119 2022 13,
1172 1959 1233 2029 p.
1290 1934 1452 2004 519.

601 2095 777 2167 Bene
817 2101 1037 2167 autem
1082 2094 1549 2190 distinguenda
1591 2118 1669 2165 ea
1695 2095 1931 2167 electio
1973 2096 2053 2166 ab
2096 2097 2237 2192 ipsa
2288 2099 2617 2169 creatione

503 2257 979 2351 choragorum,
1015 2278 1221 2349 quum
1267 2255 1346 2326 de
1389 2255 1503 2325 illa
1546 2277 1804 2351 semper
1844 2258 2179 2351 proprium
2221 2258 2494 2330 verbum
2531 2259 2617 2330 sit

502 2419 967 2502 προβάλλεσθαι
1000 2417 1302 2503 χορηγός,
1346 2419 1550 2501 φέρειν
1593 2421 1863 2503 χορηγόν
1890 2422 1938 2510 ¹)
1984 2425 2101 2488 aut
2143 2422 2613 2504 προβάλλεσθαι

500 2587 874 2662 λειτουργεῖν
897 2580 972 2667 ²).
1064 2571 1208 2668 Ipsa
1274 2570 1541 2667 choragi
1595 2573 1877 2662 ereatiO,
1944 2580 2014 2648 τὸ
2060 2580 2427 2651 καθιστάναι
2474 2582 2616 2650 τινὰ

498 2741 800 2824 χορηγόν,
840 2734 1056 2828 potius
1091 2756 1292 2827 penes
1334 2734 1524 2804 illum
1567 2734 1771 2806 fuisse
1806 2737 2271 2830 magistratum
2323 2736 2616 2831 putanda

507 2899 628 2980 est,
681 2895 791 2966 cui
827 2900 966 2965 tota
1002 2916 1337 2965 sacrorum
1381 2892 1698 2966 festorum
1745 2895 2226 2967 administratio
2262 2903 2403 2967 erat
2445 2919 2617 2968 com·

506 3057 737 3126 missa:
790 3054 916 3125 hoc
964 3062 1067 3125 est
1104 3054 1363 3148 Magnis
1414 3053 1746 3148 Dionysiis
1795 3078 1996 3150 penes
2047 3054 2429 3127 archontem
2471 3077 2619 3150 epo-

506 3235 803 3310 nymum,
855 3214 1129 3287 Lenaeis
1180 3237 1379 3310 penes
1428 3222 1532 3286 τὸν
1577 3220 1857 3300 βασιλέα
1880 3220 1957 3308 ⁸).

565 3595 774 3661 l),Vid.
794 3610 840 3648 e.
860 3611 911 3660 g.
946 3611 1097 3661 supra
1118 3596 1229 3659 jam
1261 3595 1464 3644 citatam
1497 3593 1769 3642 secundam
1787 3591 2045 3642 Midianac
2070 3593 2372 3657 hypothesin
2387 3630 2402 3655 ,
2436 3593 2523 3643 ubi
2548 3593 2617 3645 le·

500 3692 691 3756 gimus:
730 3690 1196 3760 ιιπροῦβάλλοντο
1232 3691 1284 3740 οἱ
1322 3687 1605 3758 memrot-'⁹

575 3789 630 3854 2)
664 3790 785 3840 vid.
815 3791 1013 3843 Andoc.
1043 3791 1109 3842 de
1134 3795 1340 3854 myster.
1374 3791 1403 3851 ξ
1430 3792 1541 3837 132.

575 3885 631 3948 3)
666 3885 788 3939 vid.
814 3886 1076 3938 Demosth.
1103 3885 1239 3954 πρὸς
1266 3884 1464 3934 Bam.
1498 3897 1557 3934 π.
1575 3898 1625 3933 τ.
1660 3880 1807 3944 ὄνομ.
1835 3899 1886 3949 p.
1920 3887 2033 3936 997:
2067 3907 2090 3928 n
2107 3882 2174 3933 ἄν
2203 3882 2344 3950 ἄλλη
2372 3901 2457 3943 τις
2478 3883 2622 3953 ἀρχὴ

514 3982 760 4045 καθιστῇ
811 3981 1181 4052 λειτουργεῖν,
1234 3975 1379 4032 οἷον·
1415 3979 1620 4050 ἄρχων,
1657 3978 1948 4047 βασιλεὺς,
1984 3979 2363 4048 ἀθλοθέται”,
2401 3989 2517 4032 cett.
2552 4010 2621 4021 —

509 4079 702 4129 Pollux
736 4079 908 4141 VIII,
942 4087 1035 4142 89,
1070 4098 1143 4148 eq.
1214 4083 1416 4143 Verba,
1448 4095 1578 4145 quae
1603 4085 1868 4130 occurrunt
1894 4080 1949 4130 in
1980 4080 2210 4130 Midiana
2238 4082 2267 4142 ξ
2303 4084 2392 4139 13,
2418 4085 2616 4143 p.518:

514 4175 576 4226 οὐ
612 4177 1029 4242 καθεστηκότος
1078 4181 1317 4249 χορηγοῦ
1365 4180 1438 4243 τῇ
1481 4176 1827 4226 Πανδιονίδι
1867 4174 2046 4239 ‹pul-77⁴⁹
2077 4191 2193 4225 cum
2226 4189 2342 4226 mea
2373 4179 2623 4229 sententia

510 4290 734 4338 pugnare
767 4292 871 4328 non
917 4283 1059 4341 put02
1101 4293 1255 4342 quum
1294 4278 1441 4327 facile
1475 4278 1547 4327 ita
1581 4276 1918 4339 explicentur:
1962 4288 2117 4338 quum
2152 4273 2430 4324 Pandionis
2460 4276 2620 4326 tribus

511 4372 782 4438 choragum
800 4390 903 4425 non
923 4374 1140 4433 tulisset,
1163 4375 1405 4438 choragus
1431 4374 1550 4424 huic
1570 4375 1723 4425 tribui
1748 4388 1849 4424 non
1873 4377 2065 4425 creatus
2089 4378 2164 4424 est
2188 4386 2253 4423 sc.
2274 4373 2339 4424 ab
2362 4373 2616 4424 archonte.
