3414 5176
1713 554 1852 623 ΜΟ

718 804 849 852 non
939 779 1218 875 contigit
1300 777 1517 850 Attica
1577 778 1898 855 ,dramata
1978 782 2353 878 conspicere
2418 782 2485 853 in
2549 804 2813 857 scenam

714 934 1010 1023 inducta3
1048 933 1192 1007 sola
1238 956 1393 1006 vero
1440 933 1744 1024 lectione,
1794 943 1872 1008 ut
1918 959 2040 1009 nos
2080 958 2280 1022 nunc,
2329 936 2423 1009 ita
2463 937 2603 1033 jam
2642 944 2818 1012 vete-

714 1114 819 1163 res
868 1090 966 1162 illi
1014 1089 1307 1162 contenti
1356 1112 1501 1163 esse
1552 1090 1897 1163 debebant.
1998 1090 2190 1187 Apud
2247 1113 2358 1162 eos
2407 1108 2592 1179 vero,
2651 1093 2818 1165 anti·

711 1268 912 1341 quam
952 1244 1290 1342 quandam
1333 1244 1622 1319 fabulam
1671 1245 1993 1341 legentes,
2042 1267 2123 1317 ex
2187 1245 2399 1342 ipsius
2434 1244 2530 1316 rei
2578 1252 2815 1319 natura

712 1400 918 1497 hujus
975 1398 1240 1473 fabulae
1291 1402 1569 1497 scriptor
1632 1400 1925 1496 primum
1996 1398 2262 1473 tenebat
2326 1400 2569 1489 locum,
2620 1402 2813 1472 ratio-

712 1577 870 1626 nem
931 1558 1196 1642 contra,
1260 1577 1392 1648 qua
1439 1553 1660 1628 fabula
1709 1555 1825 1626 illa
1873 1555 2031 1628 olim
2082 1554 2358 1628 Athenis
2408 1556 2556 1629 acta
2604 1562 2801 1643 esset,

711 1709 821 1781 vix
870 1705 1214 1781 curabant.
1880 1666 1885 1671 ἡ

805 1860 1202 1935 Addendum
1272 1867 1398 1950 est,
1475 1862 1762 1936 dubitari
1826 1884 2040 1959 posse,
2110 1886 2194 1934 an
2245 1864 2663 1959 grammatici
2714 1863 2813 1935 illi

711 2016 1174 2105 Alexandrini,
1257 2039 1658 2113 quamquam
1741 2017 2112 2089 litterarum
2188 2022 2255 2087 et
2332 2017 2575 2090 artium
2649 2018 2815 2114 peri·

706 2172 984 2259 tissimi,
1060 2172 1226 2245 satis
1287 2170 1576 2244 lucidam
1641 2171 1992 2245 habuerint
2057 2172 2391 2244 notionem
2458 2172 2813 2246 institutio-

705 2350 868 2399 num
959 2325 1360 2421 reipublicae
1446 2324 1887 2399 Atheniensis.
2000 2324 2143 2398 Non
2220 2327 2302 2398 ab
2374 2327 2553 2398 omni
2626 2335 2813 2424 parte

709 2478 1019 2578 perfecta,
1085 2502 1282 2574 quam
1351 2478 1477 2550 hac
1524 2482 1777 2552 ratione
1827 2481 1909 2551 de
1959 2482 2220 2554 scenica
2269 2482 2650 2555 certaminis
2700 2506 2812 2556 na·

707 2643 859 2708 tura
932 2633 1054 2705 sibi
1130 2632 1486 2721 finxerant,
1537 2634 1791 2731 opiniO,
1844 2642 1921 2709 ut
1975 2636 2074 2724 fit,
2126 2636 2213 2708 ad
2260 2637 2623 2710 recentiora
2673 2660 2812 2734 per·

706 2789 888 2862 venit
944 2795 1241 2886 tempora
1298 2788 1666 2885 viguitque,
1717 2789 1923 2863 donec
1973 2789 2503 2886 archaeologicae
2552 2799 2814 2865 nostrae

709 2942 943 3016 aetatis
1019 2942 1516 3039 disquisitiones
1581 2941 1955 3016 fabularum
2020 2944 2423 3040 agendarum
2490 2946 2813 3019 rationem

709 3097 1085 3195 aperuerint
1148 3104 1216 3169 et
1281 3097 1538 3169 mentio·
1597 3099 1739 3170 fieri
1789 3099 2078 3195 coeperit
2126 3098 2419 3171 tribuum
2470 3106 2539 3171 et
2588 3099 2811 3173 chora·

707 3275 944 3348 gorum
983 3252 1248 3350 publice
1286 3252 1576 3324 instituti
1612 3254 2018 3340 certaminis,
2068 3254 2243 3349 quod
2283 3254 2530 3326 sensim
2565 3255 2811 3350 paulla-

706 3411 956 3504 timque
983 3406 1444 3504 adjuvantibus
1468 3408 1884 3503 egregiorum
1909 3409 2198 3481 virorum
2226 3409 2814 3504 disquisitionibuS,

706 3563 1096 3651 Gasauboni‚
1138 3562 1388 3652 Wolfii,
1430 3561 1767 3649 Boeckhii,
1811 3562 2112 3651 aliorum,
2146 3563 2388 3636 clarius
2422 3587 2499 3637 ac
2529 3561 2816 3636 lucidius

703 3717 892 3789 nobis
941 3718 1190 3791 factum
1240 3726 1361 3791 est.
1455 3717 1641 3804 Quae
1689 3741 1730 3791 a
1778 3718 2161 3792 clarissimis
2208 3718 2343 3791 illis
2390 3717 2549 3791 viris
2598 3717 2813 3790 editae

703 3873 1006 3945 notiones
1046 3870 1203 3944 licet
1234 3895 1545 3968 magnam
1577 3874 1646 3944 in
1680 3873 2024 3946 scientiam
2057 3880 2349 3946 nostram
2382 3874 2813 3945 recentiorem

709 4026 1060 4100 habuerint
1132 4027 1301 4115 vim,
1377 4026 1669 4100 nondum
1735 4034 1990 4117 tamen,
2060 4052 2141 4101 ne
2211 4052 2249 4100 a
2298 4026 2626 4100 Boeckhio
2676 4027 2816 4122 qui-

708 4181 882 4270 dem,
932 4207 1038 4256 res
1088 4184 1351 4279 penitus
1401 4183 1697 4258 absoluta
1749 4207 1894 4257 esse
1943 4181 2106 4255 mihi
2157 4184 2436 4271 videtur,
2487 4188 2813 4276 quatenus
