3414 5176
1626 528 1715 598 97

722 760 867 830 Jam
917 759 1122 828 instat
1172 757 1507 851 quaestiO,
1559 779 1720 827 num
1773 756 1935 827 haec
1985 756 2324 850 inscriptio
2374 756 2720 827 conveniat

626 944 779 993 cum
815 920 1147 1016 opinione,
1192 940 1389 1012 quam
1431 939 1550 988 nos
1575 914 1895 988 habemus
1938 916 2018 987 de
2043 914 2305 1011 publico
2338 916 2724 988 dramatico-

629 1106 776 1153 rum
816 1086 1157 1176 poetarum
1200 1079 1507 1152 victoriae
1557 1083 2003 1149 monumento.
2076 1077 2162 1147 Ut
2203 1078 2271 1148 in
2298 1085 2726 1150 monumento

628 1241 971 1336 choragico
1006 1241 1239 1312 victrix
1274 1246 1535 1311 tantum
1569 1243 2121 1309 commemoratur
2149 1237 2375 1326 tribuS,
2419 1240 2512 1310 ita
2538 1240 2606 1308 in
2632 1237 2727 1309 di-

629 1401 913 1473 dascalia
963 1423 1219 1497 quoque
1252 1408 1593 1496 poetarum
1636 1396 2013 1469 certaminis
2063 1399 2345 1486 exitum,
2398 1401 2723 1474 victorum

629 1584 784 1657 ergo
809 1562 1097 1647 nomina,
1134 1559 1346 1632 afferri
1372 1565 1729 1656 exspectes
1777 1558 1830 1627 E
1856 1558 2146 1630 virorum
2171 1559 2510 1630 doctorum
2537 1562 2727 1631 nimi-

630 1746 778 1793 rum
806 1721 1178 1794 didascaliis
1205 1726 1400 1815 atque
1426 1718 1729 1790 omnibus
1752 1774 1768 1805 ,
1812 1741 1980 1812 quae
2016 1719 2202 1791 nobis
2228 1719 2309 1790 de
2351 1720 2545 1792 rebus
2588 1744 2726 1792 sce·-

628 1881 794 1953 nicis
819 1888 975 1952 sunt
1018 1882 1296 1968 tradita,
1348 1881 1474 1952 tria
1508 1879 1817 1952 videntur
1859 1878 2014 1949 data
2039 1878 2244 1951 fuisse
2285 1882 2495 1977 poetis
2546 1903 2728 1975 prae·

636 2041 799 2128 mia3
860 2065 1087 2113 eorum
1131 2042 1336 2136 igitur
1377 2046 1721 2136 poetarum
1747 2040 2014 2110 nomina
2064 2063 2421 2135 eorumque
2471 2040 2726 2113 fabulas

632 2203 1016 2288 memorari,
1068 2201 1136 2272 ni
1180 2200 1403 2287 fallor,
1448 2200 1542 2270 rei
1568 2206 1843 2270 naturae
1869 2202 2264 2273 conveniens
2290 2200 2560 2288 fuisset,
2588 2202 2727 2295 qui-

629 2361 752 2431 bus
816 2384 893 2433 ex
972 2363 1268 2457 judicum
1336 2360 1662 2431 sententia
1729 2367 1816 2431 τὰ
1877 2375 2147 2449 πρωτεῖα
2171 2418 2188 2447 ,
2236 2369 2546 2449 δευτερεῖα
2619 2362 2724 2434 vel

626 2536 860 2609 τριτεῒοι
907 2523 948 2593 i.
1020 2546 1056 2595 e
1122 2523 1369 2619 prima,
1441 2518 1767 2607 secunda,
1820 2521 2014 2592 tertia
2080 2521 2371 2616 praemia
2428 2521 2580 2593 data
2630 2544 2727 2593 es-

627 2688 792 2753 sent.
897 2684 1014 2754 Hic
1087 2690 1307 2754 tamen
1376 2680 1540 2751 nihil
1609 2681 1734 2751 hac
1799 2680 1880 2750 de
1945 2704 2033 2750 re.
2137 2680 2280 2777 Ipse
2347 2680 2718 2754 Boeckhius

628 2844 819 2915 dicit:
912 2841 1027 2913 uln
1101 2849 1364 2916 vetusta
1431 2839 1786 2912 didascalia
1853 2840 1964 2910 N0.
2012 2839 2145 2911 231
2224 2823 2327 2912 res
2394 2841 2583 2913 aliter
2649 2866 2722 2914 se

627 3006 842 3076 habet.
943 3002 1142 3087 Quini
1193 3006 1260 3074 in
1312 3027 1389 3074 ea
1439 3002 1670 3072 comici
1728 3008 1959 3098 poetae
2009 3025 2087 3070 ex
2138 3002 2365 3073 ordine
2415 3004 2719 3074 recensiti

633 3170 819 3234 erant
885 3163 951 3231 in
1019 3170 1296 3257 utroque
1356 3185 1559 3233 anno:
1618 3170 1684 3233 et
1735 3162 1943 3257 primo
1995 3186 2165 3233 anno
2216 3169 2363 3258 post
2413 3163 2719 3258 quintum

639 3322 942 3420 (poetam)
1016 3322 1223 3394 victor
1289 3324 1645 3418 inscriptus
1705 3329 1834 3392 est:
1877 3330 1923 3417 ·[
1954 3380 2146 3397 .....
2173 3332 2433 3418 ]ώνυμσς
2504 3333 2716 3398 ἐνίκωε

633 3485 806 3558 unde
849 3487 1149 3579 apertum
1193 3483 1266 3553 fit
1300 3483 1369 3553 in
1408 3484 1531 3557 hac
1568 3483 1929 3555 didascalia
1953 3507 2262 3555 numeros
2298 3507 2426 3554 non
2458 3484 2539 3555 ad
2565 3508 2721 3579 prae

633 3647 913 3716 miorum
964 3643 1256 3714 ordinem
1299 3646 1557 3731 referri,
1603 3646 1719 3716 sed
1757 3644 1836 3714 ad
1882 3668 2036 3715 eum
2072 3644 2404 3731 ordinem,
2443 3669 2572 3740 quo
2598 3646 2719 3717 sibi

634 3805 1004 3876 comoediae
1054 3806 1123 3876 in
1176 3805 1635 3877 commissione
1686 3803 2209 3878 successerant.''
2290 3804 2504 3889 Quam
2563 3805 2734 3886 dissi<

637 3965 760 4035 cile
803 3965 926 4051 sit,
970 3968 1101 4037 tale
1143 3966 1301 4061 quid
1328 3966 1408 4036 in'
1429 3967 1741 4038 victoriae
1779 3972 2206 4038 monumento
2243 3967 2723 4059 statuere,jam

640 4124 1099 4196 animadvertit
1141 4126 1527 4214 Riemann,
1576 4127 1683 4196 ubi
1721 4126 2076 4220 respiciens
2104 4126 2267 4196 haec
2292 4128 2487 4197 dicit:
2541 4126 2726 4196 nNon

635 4310 969 4384 repugnO,
1006 4310 1403 4380 quamquam
1439 4288 1702 4372 invitus
1731 4286 2045 4372 concede,
2075 4293 2256 4358 certe
2299 4287 2471 4357 hanc
2514 4288 2728 4380 legem

2440 4420 2471 4438 Ρ

2448 4437 2464 4466 d
