<?xml version="1.0" encoding="UTF-8"?>
<!DOCTYPE html PUBLIC "-//W3C//DTD XHTML 1.0 Transitional//EN"
    "http://www.w3.org/TR/xhtml1/DTD/xhtml1-transitional.dtd">
<html xmlns="http://www.w3.org/1999/xhtml" xml:lang="en" lang="en">
 <head>
  <title>
</title>
<meta http-equiv="Content-Type" content="text/html;charset=utf-8" />
  <meta name='ocr-system' content='tesseract 3.04.00' />
  <meta name='ocr-capabilities' content='ocr_page ocr_carea ocr_par ocr_line ocrx_word'/>
</head>
<body>
  <div class='ocr_page' id='page_1' title='image "./quaestionesscen00brilgoog_0097.png"; bbox 0 0 3414 5176; ppageno 0'>
   <div class='ocr_carea' id='block_1_1' title="bbox 1582 583 1672 651">
    <p class='ocr_par' dir='ltr' id='par_1_1' title="bbox 1582 583 1672 651">
     <span class='ocr_line' id='line_1_1' title="bbox 1582 583 1672 651; baseline 0 0"><span class='ocrx_word' id='word_1_1' title='bbox 1582 583 1672 651; x_wconf 76' lang='lat'>85</span> 
     </span>
    </p>
   </div>
   <div class='ocr_carea' id='block_1_2' title="bbox 577 805 2704 3376">
    <p class='ocr_par' dir='ltr' id='par_1_2' title="bbox 577 805 2704 3376">
     <span class='ocr_line' id='line_1_2' title="bbox 577 805 2677 903; baseline -0.003 -21"><span class='ocrx_word' id='word_1_2' title='bbox 577 825 733 890; x_wconf 76' lang='lat' dir='ltr'>,vero</span> <span class='ocrx_word' id='word_1_3' title='bbox 788 810 867 880; x_wconf 87' lang='lat' dir='ltr'>ad</span> <span class='ocrx_word' id='word_1_4' title='bbox 911 808 1371 903; x_wconf 81' lang='lat' dir='ltr'>tragoedorum</span> <span class='ocrx_word' id='word_1_5' title='bbox 1408 808 1732 902; x_wconf 88' lang='lat' dir='ltr'>pertinere</span> <span class='ocrx_word' id='word_1_6' title='bbox 1771 805 2084 892; x_wconf 89' lang='lat' dir='ltr'>chorum,</span> <span class='ocrx_word' id='word_1_7' title='bbox 2130 810 2426 900; x_wconf 88' lang='lat' dir='ltr'>quamvis</span> <span class='ocrx_word' id='word_1_8' title='bbox 2470 832 2551 878; x_wconf 92' lang='lat' dir='ltr'>ne</span> <span class='ocrx_word' id='word_1_9' title='bbox 2612 807 2677 877; x_wconf 88' lang='lat' dir='ltr'>id</span> 
     </span>
     <span class='ocr_line' id='line_1_3' title="bbox 582 959 2683 1060; baseline -0.002 -24"><span class='ocrx_word' id='word_1_10' title='bbox 582 964 847 1060; x_wconf 82' lang='lat' dir='ltr'>quidem</span> <span class='ocrx_word' id='word_1_11' title='bbox 886 963 1098 1036; x_wconf 89' lang='lat' dir='ltr'>tradat</span> <span class='ocrx_word' id='word_1_12' title='bbox 1140 959 1515 1056; x_wconf 85' lang='lat' dir='ltr'>inscriptiO,</span> <span class='ocrx_word' id='word_1_13' title='bbox 1566 983 1643 1031; x_wconf 86' lang='lat' dir='ltr'>ex</span> <span class='ocrx_word' id='word_1_14' title='bbox 1688 961 1886 1032; x_wconf 88' lang='lat' dir='ltr'>allato</span> <span class='ocrx_word' id='word_1_15' title='bbox 1926 967 2157 1057; x_wconf 88' lang='lat' dir='ltr'>poetae</span> <span class='ocrx_word' id='word_1_16' title='bbox 2200 962 2433 1057; x_wconf 79' lang='lat' dir='ltr'>tragici</span> <span class='ocrx_word' id='word_1_17' title='bbox 2484 960 2683 1057; x_wconf 69' lang='lat' dir='ltr'>Phry-</span> 
     </span>
     <span class='ocr_line' id='line_1_4' title="bbox 584 1114 2681 1212; baseline -0.001 -23"><span class='ocrx_word' id='word_1_18' title='bbox 584 1117 762 1191; x_wconf 90' lang='lat' dir='ltr'>nichi</span> <span class='ocrx_word' id='word_1_19' title='bbox 813 1119 1116 1205; x_wconf 89' lang='lat' dir='ltr'>nomine,</span> <span class='ocrx_word' id='word_1_20' title='bbox 1167 1116 1346 1188; x_wconf 91' lang='lat' dir='ltr'>omni</span> <span class='ocrx_word' id='word_1_21' title='bbox 1406 1114 1605 1186; x_wconf 90' lang='lat' dir='ltr'>dubio</span> <span class='ocrx_word' id='word_1_22' title='bbox 1654 1122 1866 1187; x_wconf 82' lang='lat' dir='ltr'>vacat.</span> <span class='ocrx_word' id='word_1_23' title='bbox 1970 1114 2131 1187; x_wconf 89' lang='lat' dir='ltr'>Eam</span> <span class='ocrx_word' id='word_1_24' title='bbox 2182 1117 2237 1188; x_wconf 88' lang='lat' dir='ltr'>si</span> <span class='ocrx_word' id='word_1_25' title='bbox 2290 1140 2444 1190; x_wconf 92' lang='lat' dir='ltr'>cum</span> <span class='ocrx_word' id='word_1_26' title='bbox 2495 1117 2681 1212; x_wconf 85' lang='lat' dir='ltr'>lyrici</span> 
     </span>
     <span class='ocr_line' id='line_1_5' title="bbox 589 1270 2686 1364; baseline -0.002 -19"><span class='ocrx_word' id='word_1_27' title='bbox 589 1274 877 1345; x_wconf 85' lang='lat' dir='ltr'>virorum</span> <span class='ocrx_word' id='word_1_28' title='bbox 928 1272 1108 1343; x_wconf 90' lang='lat' dir='ltr'>chori</span> <span class='ocrx_word' id='word_1_29' title='bbox 1152 1272 1546 1343; x_wconf 85' lang='lat' dir='ltr'>documento</span> <span class='ocrx_word' id='word_1_30' title='bbox 1587 1292 2047 1364; x_wconf 79' lang='lat' dir='ltr'><strong>comparamus</strong></span> <span class='ocrx_word' id='word_1_31' title='bbox 2071 1324 2088 1356; x_wconf 96' lang='lat'>,</span> <span class='ocrx_word' id='word_1_32' title='bbox 2125 1272 2350 1342; x_wconf 85' lang='lat' dir='ltr'>statim</span> <span class='ocrx_word' id='word_1_33' title='bbox 2397 1270 2686 1343; x_wconf 90' lang='lat' dir='ltr'>animad-</span> 
     </span>
     <span class='ocr_line' id='line_1_6' title="bbox 589 1423 2686 1520; baseline -0.003 -20"><span class='ocrx_word' id='word_1_34' title='bbox 589 1428 947 1513; x_wconf 81' lang='lat' dir='ltr'>vertimuS,</span> <span class='ocrx_word' id='word_1_35' title='bbox 1000 1427 1067 1496; x_wconf 91' lang='lat' dir='ltr'>in</span> <span class='ocrx_word' id='word_1_36' title='bbox 1118 1425 1240 1498; x_wconf 93' lang='lat' dir='ltr'>hoc</span> <span class='ocrx_word' id='word_1_37' title='bbox 1302 1425 1704 1496; x_wconf 78' lang='lat' dir='ltr'>mentionem</span> <span class='ocrx_word' id='word_1_38' title='bbox 1757 1423 1897 1494; x_wconf 85' lang='lat' dir='ltr'>fieri</span> <span class='ocrx_word' id='word_1_39' title='bbox 1948 1423 2274 1512; x_wconf 88' lang='lat' dir='ltr'>tibicinis,</span> <span class='ocrx_word' id='word_1_40' title='bbox 2328 1425 2394 1496; x_wconf 90' lang='lat' dir='ltr'>in</span> <span class='ocrx_word' id='word_1_41' title='bbox 2451 1426 2686 1520; x_wconf 81' lang='lat' dir='ltr'>tragici</span> 
     </span>
     <span class='ocr_line' id='line_1_7' title="bbox 591 1570 2688 1653; baseline -0.002 0"><span class='ocrx_word' id='word_1_42' title='bbox 591 1580 768 1653; x_wconf 87' lang='lat' dir='ltr'>chori</span> <span class='ocrx_word' id='word_1_43' title='bbox 795 1570 1211 1652; x_wconf 55' lang='lat' dir='ltr'>&#39;documento</span> <span class='ocrx_word' id='word_1_44' title='bbox 1251 1602 1381 1650; x_wconf 93' lang='lat' dir='ltr'>non</span> <span class='ocrx_word' id='word_1_45' title='bbox 1424 1578 1584 1649; x_wconf 88' lang='lat' dir='ltr'>fieri.</span> <span class='ocrx_word' id='word_1_46' title='bbox 1664 1575 1821 1648; x_wconf 91' lang='lat' dir='ltr'>Inde</span> <span class='ocrx_word' id='word_1_47' title='bbox 1857 1583 2079 1647; x_wconf 89' lang='lat' dir='ltr'>tamen</span> <span class='ocrx_word' id='word_1_48' title='bbox 2122 1577 2513 1650; x_wconf 78' lang='lat' dir='ltr'>concludere</span> <span class='ocrx_word' id='word_1_49' title='bbox 2556 1603 2688 1650; x_wconf 89' lang='lat' dir='ltr'>non</span> 
     </span>
     <span class='ocr_line' id='line_1_8' title="bbox 587 1731 2691 1828; baseline 0.001 -26"><span class='ocrx_word' id='word_1_50' title='bbox 587 1733 742 1805; x_wconf 83' lang='lat' dir='ltr'>licet</span> <span class='ocrx_word' id='word_1_51' title='bbox 810 1733 1111 1805; x_wconf 89' lang='lat' dir='ltr'>tibicines</span> <span class='ocrx_word' id='word_1_52' title='bbox 1186 1733 1253 1803; x_wconf 92' lang='lat' dir='ltr'>in</span> <span class='ocrx_word' id='word_1_53' title='bbox 1330 1733 1599 1828; x_wconf 79' lang='lat' dir='ltr'>tragicis</span> <span class='ocrx_word' id='word_1_54' title='bbox 1667 1731 2066 1825; x_wconf 86' lang='lat' dir='ltr'>comicisque</span> <span class='ocrx_word' id='word_1_55' title='bbox 2150 1732 2691 1827; x_wconf 87' lang='lat' dir='ltr'>inscriptionibus</span> 
     </span>
     <span class='ocr_line' id='line_1_9' title="bbox 584 1884 2691 1978; baseline -0 -20"><span class='ocrx_word' id='word_1_56' title='bbox 584 1884 850 1960; x_wconf 87' lang='lat' dir='ltr'>omnino</span> <span class='ocrx_word' id='word_1_57' title='bbox 900 1911 1031 1958; x_wconf 93' lang='lat' dir='ltr'>non</span> <span class='ocrx_word' id='word_1_58' title='bbox 1074 1888 1613 1973; x_wconf 90' lang='lat' dir='ltr'>commemorari,</span> <span class='ocrx_word' id='word_1_59' title='bbox 1667 1909 1908 1978; x_wconf 89' lang='lat' dir='ltr'>quum,</span> <span class='ocrx_word' id='word_1_60' title='bbox 1962 1891 2040 1955; x_wconf 88' lang='lat' dir='ltr'>ut</span> <span class='ocrx_word' id='word_1_61' title='bbox 2091 1885 2507 1972; x_wconf 83' lang='lat' dir='ltr'>monuimuS,</span> <span class='ocrx_word' id='word_1_62' title='bbox 2545 1885 2691 1957; x_wconf 86' lang='lat' dir='ltr'>Plu-</span> 
     </span>
     <span class='ocr_line' id='line_1_10' title="bbox 592 2037 2692 2134; baseline 0 -25"><span class='ocrx_word' id='word_1_63' title='bbox 592 2041 861 2112; x_wconf 87' lang='lat' dir='ltr'>tarchus</span> <span class='ocrx_word' id='word_1_64' title='bbox 910 2040 1254 2111; x_wconf 80' lang='lat' dir='ltr'>tradiderit</span> <span class='ocrx_word' id='word_1_65' title='bbox 1322 2041 1817 2134; x_wconf 88' lang='lat' dir='ltr'>inscriptionem</span> <span class='ocrx_word' id='word_1_66' title='bbox 1870 2060 1999 2108; x_wconf 90' lang='lat' dir='ltr'>non</span> <span class='ocrx_word' id='word_1_67' title='bbox 2052 2037 2400 2132; x_wconf 82' lang='lat' dir='ltr'>integram.</span> <span class='ocrx_word' id='word_1_68' title='bbox 2504 2038 2692 2123; x_wconf 82' lang='lat' dir='ltr'>Quod</span> 
     </span>
     <span class='ocr_line' id='line_1_11' title="bbox 597 2160 2695 2278; baseline -0 -13"><span class='ocrx_word' id='word_1_69' title='bbox 597 2217 751 2266; x_wconf 91' lang='lat' dir='ltr'>vero</span> <span class='ocrx_word' id='word_1_70' title='bbox 793 2193 980 2266; x_wconf 89' lang='lat' dir='ltr'>nobis</span> <span class='ocrx_word' id='word_1_71' title='bbox 1023 2196 1159 2266; x_wconf 89' lang='lat' dir='ltr'>veri</span> <span class='ocrx_word' id='word_1_72' title='bbox 1205 2160 1617 2266; x_wconf 89' lang='lat' dir='ltr'>simillimum</span> <span class='ocrx_word' id='word_1_73' title='bbox 1659 2193 1960 2278; x_wconf 87' lang='lat' dir='ltr'>videtur,</span> <span class='ocrx_word' id='word_1_74' title='bbox 1995 2192 2062 2262; x_wconf 93' lang='lat' dir='ltr'>id</span> <span class='ocrx_word' id='word_1_75' title='bbox 2105 2191 2475 2266; x_wconf 88' lang='lat' dir='ltr'>Boeckhius</span> <span class='ocrx_word' id='word_1_76' title='bbox 2517 2196 2695 2265; x_wconf 92' lang='lat' dir='ltr'>omni</span> 
     </span>
     <span class='ocr_line' id='line_1_12' title="bbox 601 2347 2694 2444; baseline 0 -26"><span class='ocrx_word' id='word_1_77' title='bbox 601 2348 798 2419; x_wconf 91' lang='lat' dir='ltr'>dubio</span> <span class='ocrx_word' id='word_1_78' title='bbox 848 2347 1064 2442; x_wconf 84' lang='lat' dir='ltr'>majus</span> <span class='ocrx_word' id='word_1_79' title='bbox 1104 2348 1307 2419; x_wconf 84' lang='lat' dir='ltr'>fuisse</span> <span class='ocrx_word' id='word_1_80' title='bbox 1357 2354 1577 2444; x_wconf 89' lang='lat' dir='ltr'>putat:</span> <span class='ocrx_word' id='word_1_81' title='bbox 1633 2348 1734 2419; x_wconf 91' lang='lat' dir='ltr'>sin</span> <span class='ocrx_word' id='word_1_82' title='bbox 1780 2347 2038 2432; x_wconf 83' lang='lat' dir='ltr'>minuS,</span> <span class='ocrx_word' id='word_1_83' title='bbox 2084 2347 2404 2442; x_wconf 90' lang='lat' dir='ltr'>quomodo</span> <span class='ocrx_word' id='word_1_84' title='bbox 2445 2349 2694 2422; x_wconf 84' lang='lat' dir='ltr'>factum</span> 
     </span>
     <span class='ocr_line' id='line_1_13' title="bbox 606 2496 2698 2588; baseline 0.003 -19"><span class='ocrx_word' id='word_1_85' title='bbox 606 2496 806 2588; x_wconf 85' lang='lat' dir='ltr'>foret,</span> <span class='ocrx_word' id='word_1_86' title='bbox 859 2508 934 2574; x_wconf 90' lang='lat' dir='ltr'>ut</span> <span class='ocrx_word' id='word_1_87' title='bbox 986 2504 1054 2573; x_wconf 90' lang='lat' dir='ltr'>in</span> <span class='ocrx_word' id='word_1_88' title='bbox 1102 2502 1282 2573; x_wconf 85' lang='lat' dir='ltr'>brevi</span> <span class='ocrx_word' id='word_1_89' title='bbox 1327 2500 1879 2574; x_wconf 88' lang='lat' dir='ltr'>commentatione</span> <span class='ocrx_word' id='word_1_90' title='bbox 1922 2500 2002 2572; x_wconf 98' lang='lat' dir='ltr'>de</span> <span class='ocrx_word' id='word_1_91' title='bbox 2043 2503 2516 2576; x_wconf 88' lang='lat' dir='ltr'>certaminibus</span> <span class='ocrx_word' id='word_1_92' title='bbox 2558 2529 2698 2576; x_wconf 90' lang='lat' dir='ltr'>mu·</span> 
     </span>
     <span class='ocr_line' id='line_1_14' title="bbox 597 2655 2694 2754; baseline 0.001 -29"><span class='ocrx_word' id='word_1_93' title='bbox 597 2655 773 2743; x_wconf 87' lang='lat' dir='ltr'>sicis,</span> <span class='ocrx_word' id='word_1_94' title='bbox 809 2680 1006 2751; x_wconf 87' lang='lat' dir='ltr'>quam</span> <span class='ocrx_word' id='word_1_95' title='bbox 1035 2656 1567 2751; x_wconf 87' lang='lat' dir='ltr'>inscriptionibus</span> <span class='ocrx_word' id='word_1_96' title='bbox 1606 2655 1940 2728; x_wconf 86' lang='lat' dir='ltr'>tradendis</span> <span class='ocrx_word' id='word_1_97' title='bbox 1976 2658 2335 2753; x_wconf 89' lang='lat' dir='ltr'>praemisit,</span> <span class='ocrx_word' id='word_1_98' title='bbox 2363 2659 2694 2754; x_wconf 81' lang='lat' dir='ltr'>legamus:</span> 
     </span>
     <span class='ocr_line' id='line_1_15' title="bbox 602 2809 2696 2907; baseline 0.003 -31"><span class='ocrx_word' id='word_1_99' title='bbox 602 2810 1043 2907; x_wconf 76' lang='lat' dir='ltr'>nubicumque</span> <span class='ocrx_word' id='word_1_100' title='bbox 1120 2809 1359 2882; x_wconf 87' lang='lat' dir='ltr'>tibicen</span> <span class='ocrx_word' id='word_1_101' title='bbox 1411 2816 2002 2899; x_wconf 84' lang='lat' dir='ltr'>commemoratur,</span> <span class='ocrx_word' id='word_1_102' title='bbox 2071 2812 2355 2907; x_wconf 82' lang='lat' dir='ltr'>cyclium</span> <span class='ocrx_word' id='word_1_103' title='bbox 2424 2814 2696 2885; x_wconf 91' lang='lat' dir='ltr'>chorum</span> 
     </span>
     <span class='ocr_line' id='line_1_16' title="bbox 595 2963 2697 3061; baseline 0.001 -27"><span class='ocrx_word' id='word_1_104' title='bbox 595 2963 938 3060; x_wconf 83' lang='lat' dir='ltr'>intellige”</span> <span class='ocrx_word' id='word_1_105' title='bbox 988 2966 1034 3059; x_wconf 88' lang='lat'>¹)</span> <span class='ocrx_word' id='word_1_106' title='bbox 1066 2993 1112 3061; x_wconf 64' lang='lat'>3,</span> <span class='ocrx_word' id='word_1_107' title='bbox 1148 2989 1346 3058; x_wconf 91' lang='lat' dir='ltr'>quam</span> <span class='ocrx_word' id='word_1_108' title='bbox 1414 2967 1853 3050; x_wconf 85' lang='lat' dir='ltr'>sententiam,</span> <span class='ocrx_word' id='word_1_109' title='bbox 1921 2967 2224 3056; x_wconf 88' lang='lat' dir='ltr'>quamvis</span> <span class='ocrx_word' id='word_1_110' title='bbox 2279 2987 2411 3035; x_wconf 91' lang='lat' dir='ltr'>non</span> <span class='ocrx_word' id='word_1_111' title='bbox 2462 2967 2697 3060; x_wconf 89' lang='lat' dir='ltr'>impro-</span> 
     </span>
     <span class='ocr_line' id='line_1_17' title="bbox 597 3116 2701 3212; baseline 0.001 -25"><span class='ocrx_word' id='word_1_112' title='bbox 597 3117 832 3188; x_wconf 90' lang='lat' dir='ltr'>babilis</span> <span class='ocrx_word' id='word_1_113' title='bbox 883 3117 1088 3188; x_wconf 89' lang='lat' dir='ltr'>videri</span> <span class='ocrx_word' id='word_1_114' title='bbox 1141 3119 1369 3211; x_wconf 85' lang='lat' dir='ltr'>possit,</span> <span class='ocrx_word' id='word_1_115' title='bbox 1415 3116 1647 3187; x_wconf 90' lang='lat' dir='ltr'>idoneo</span> <span class='ocrx_word' id='word_1_116' title='bbox 1692 3121 2083 3212; x_wconf 82' lang='lat' dir='ltr'>argumento</span> <span class='ocrx_word' id='word_1_117' title='bbox 2116 3139 2337 3188; x_wconf 88' lang='lat' dir='ltr'>carere</span> <span class='ocrx_word' id='word_1_118' title='bbox 2363 3117 2701 3189; x_wconf 82' lang='lat' dir='ltr'>fatendum</span> 
     </span>
     <span class='ocr_line' id='line_1_18' title="bbox 602 3268 2704 3376; baseline 0.001 -37"><span class='ocrx_word' id='word_1_119' title='bbox 602 3276 722 3340; x_wconf 79' lang='lat' dir='ltr'>est.</span> <span class='ocrx_word' id='word_1_120' title='bbox 826 3268 1156 3340; x_wconf 88' lang='lat' dir='ltr'>Tibicines</span> <span class='ocrx_word' id='word_1_121' title='bbox 1223 3268 1826 3376; x_wconf 20' lang='lat' dir='ltr'>commissionibus·</span> <span class='ocrx_word' id='word_1_122' title='bbox 1873 3270 2151 3343; x_wconf 80' lang='lat' dir='ltr'>scenicis</span> <span class='ocrx_word' id='word_1_123' title='bbox 2229 3270 2492 3344; x_wconf 83' lang='lat' dir='ltr'>affuisse</span> <span class='ocrx_word' id='word_1_124' title='bbox 2565 3274 2704 3366; x_wconf 91' lang='lat' dir='ltr'>qui-</span> 
     </span>
    </p>
   </div>
   <div class='ocr_carea' id='block_1_3' title="bbox 600 3417 2698 3520">
    <p class='ocr_par' dir='ltr' id='par_1_3' title="bbox 600 3417 2698 3520">
     <span class='ocr_line' id='line_1_19' title="bbox 600 3417 2698 3520; baseline 0 -27"><span class='ocrx_word' id='word_1_125' title='bbox 600 3423 790 3510; x_wconf 91' lang='lat' dir='ltr'>dem,</span> <span class='ocrx_word' id='word_1_126' title='bbox 827 3422 942 3494; x_wconf 89' lang='lat' dir='ltr'>sed</span> <span class='ocrx_word' id='word_1_127' title='bbox 987 3421 1358 3493; x_wconf 85' lang='lat' dir='ltr'>inferiorem</span> <span class='ocrx_word' id='word_1_128' title='bbox 1383 3421 1654 3495; x_wconf 51' lang='lat' dir='ltr'>‘tantum</span> <span class='ocrx_word' id='word_1_129' title='bbox 1698 3417 1916 3496; x_wconf 82' lang='lat' dir='ltr'>locum</span> <span class='ocrx_word' id='word_1_130' title='bbox 1953 3426 2246 3496; x_wconf 89' lang='lat' dir='ltr'>tenuisse</span> <span class='ocrx_word' id='word_1_131' title='bbox 2290 3426 2597 3497; x_wconf 88' lang='lat' dir='ltr'>videntur</span> <span class='ocrx_word' id='word_1_132' title='bbox 2620 3427 2698 3520; x_wconf 84' lang='lat'>²).</span> 
     </span>
    </p>
   </div>
   <div class='ocr_carea' id='block_1_4' title="bbox 605 3635 947 3648">
    <p class='ocr_par' dir='ltr' id='par_1_4' title="bbox 605 3635 947 3648">
     <span class='ocr_line' id='line_1_20' title="bbox 605 3635 947 3648; baseline 0 1528"><span class='ocrx_word' id='word_1_133' title='bbox 605 3635 947 3648; x_wconf 95' lang='lat' dir='ltr'> </span> 
     </span>
    </p>
   </div>
   <div class='ocr_carea' id='block_1_5' title="bbox 607 3773 2711 4411">
    <p class='ocr_par' dir='ltr' id='par_1_5' title="bbox 607 3773 2708 3939">
     <span class='ocr_line' id='line_1_21' title="bbox 607 3773 2708 3843; baseline 0.002 -22"><span class='ocrx_word' id='word_1_134' title='bbox 607 3773 752 3823; x_wconf 82' lang='lat' dir='ltr'>Idem</span> <span class='ocrx_word' id='word_1_135' title='bbox 782 3775 951 3838; x_wconf 82' lang='lat' dir='ltr'>paullo</span> <span class='ocrx_word' id='word_1_136' title='bbox 993 3774 1126 3824; x_wconf 74' lang='lat' dir='ltr'>infra</span> <span class='ocrx_word' id='word_1_137' title='bbox 1150 3777 1313 3826; x_wconf 76' lang='lat' dir='ltr'>addit:</span> <span class='ocrx_word' id='word_1_138' title='bbox 1360 3778 1454 3826; x_wconf 80' lang='lat' dir='ltr'>uIn</span> <span class='ocrx_word' id='word_1_139' title='bbox 1489 3779 1577 3827; x_wconf 73' lang='lat' dir='ltr'>tali</span> <span class='ocrx_word' id='word_1_140' title='bbox 1610 3778 1760 3843; x_wconf 84' lang='lat' dir='ltr'>igitur</span> <span class='ocrx_word' id='word_1_141' title='bbox 1790 3784 2116 3828; x_wconf 89' lang='lat' dir='ltr'>monumento</span> <span class='ocrx_word' id='word_1_142' title='bbox 2142 3793 2203 3828; x_wconf 84' lang='lat' dir='ltr'>ea</span> <span class='ocrx_word' id='word_1_143' title='bbox 2225 3778 2387 3843; x_wconf 80' lang='lat' dir='ltr'>primo</span> <span class='ocrx_word' id='word_1_144' title='bbox 2408 3778 2520 3829; x_wconf 88' lang='lat' dir='ltr'>loco</span> <span class='ocrx_word' id='word_1_145' title='bbox 2549 3778 2708 3841; x_wconf 81' lang='lat' dir='ltr'>posita</span> 
     </span>
     <span class='ocr_line' id='line_1_22' title="bbox 609 3870 2426 3939; baseline 0.003 -23"><span class='ocrx_word' id='word_1_146' title='bbox 609 3874 724 3917; x_wconf 87' lang='lat' dir='ltr'>sunt</span> <span class='ocrx_word' id='word_1_147' title='bbox 740 3906 753 3928; x_wconf 92' lang='lat'>,</span> <span class='ocrx_word' id='word_1_148' title='bbox 786 3883 914 3933; x_wconf 82' lang='lat' dir='ltr'>quae</span> <span class='ocrx_word' id='word_1_149' title='bbox 946 3870 1219 3935; x_wconf 80' lang='lat' dir='ltr'>choragum</span> <span class='ocrx_word' id='word_1_150' title='bbox 1255 3872 1497 3922; x_wconf 85' lang='lat' dir='ltr'>victorem</span> <span class='ocrx_word' id='word_1_151' title='bbox 1531 3874 1890 3939; x_wconf 83' lang='lat' dir='ltr'>victoriamque</span> <span class='ocrx_word' id='word_1_152' title='bbox 1922 3875 2080 3925; x_wconf 82' lang='lat' dir='ltr'>tribus</span> <span class='ocrx_word' id='word_1_153' title='bbox 2118 3872 2426 3925; x_wconf 77' lang='lat' dir='ltr'>celebrant.&#39;&#39;</span> 
     </span>
    </p>

    <p class='ocr_par' dir='ltr' id='par_1_6' title="bbox 681 3963 1795 4034">
     <span class='ocr_line' id='line_1_23' title="bbox 681 3963 1795 4034; baseline 0.009 -24"><span class='ocrx_word' id='word_1_154' title='bbox 681 3963 732 4025; x_wconf 90' lang='lat'>1)</span> <span class='ocrx_word' id='word_1_155' title='bbox 769 3963 891 4013; x_wconf 85' lang='lat' dir='ltr'>Vid.</span> <span class='ocrx_word' id='word_1_156' title='bbox 926 3965 1181 4027; x_wconf 85' lang='lat' dir='ltr'>Boeckh.,</span> <span class='ocrx_word' id='word_1_157' title='bbox 1219 3966 1276 4018; x_wconf 87' lang='lat' dir='ltr'>C.</span> <span class='ocrx_word' id='word_1_158' title='bbox 1312 3969 1359 4018; x_wconf 88' lang='grc' dir='ltr'>Ι.</span> <span class='ocrx_word' id='word_1_159' title='bbox 1398 3966 1484 4019; x_wconf 87' lang='lat' dir='ltr'>Gr.</span> <span class='ocrx_word' id='word_1_160' title='bbox 1520 3971 1576 4029; x_wconf 92' lang='lat' dir='ltr'>I,</span> <span class='ocrx_word' id='word_1_161' title='bbox 1610 3976 1795 4034; x_wconf 86' lang='lat' dir='ltr'>p.343.</span> 
     </span>
    </p>

    <p class='ocr_par' dir='ltr' id='par_1_7' title="bbox 609 4045 2711 4411">
     <span class='ocr_line' id='line_1_24' title="bbox 680 4045 2710 4130; baseline 0 -23"><span class='ocrx_word' id='word_1_162' title='bbox 680 4059 734 4121; x_wconf 75' lang='lat'>2)</span> <span class='ocrx_word' id='word_1_163' title='bbox 773 4057 1032 4119; x_wconf 78' lang='lat' dir='ltr'>Quasnam</span> <span class='ocrx_word' id='word_1_164' title='bbox 1062 4069 1230 4112; x_wconf 76' lang='lat' dir='ltr'>tamen</span> <span class='ocrx_word' id='word_1_165' title='bbox 1267 4070 1429 4128; x_wconf 80' lang='lat' dir='ltr'>partes</span> <span class='ocrx_word' id='word_1_166' title='bbox 1472 4066 1524 4114; x_wconf 89' lang='lat' dir='ltr'>in</span> <span class='ocrx_word' id='word_1_167' title='bbox 1571 4066 1743 4129; x_wconf 84' lang='lat' dir='ltr'>cycliis</span> <span class='ocrx_word' id='word_1_168' title='bbox 1786 4066 1950 4116; x_wconf 79' lang='lat' dir='ltr'>chorIs</span> <span class='ocrx_word' id='word_1_169' title='bbox 1985 4045 2205 4130; x_wconf 81' lang='lat' dir='ltr'>egerint,</span> <span class='ocrx_word' id='word_1_170' title='bbox 2255 4076 2382 4127; x_wconf 82' lang='lat' dir='ltr'>quae</span> <span class='ocrx_word' id='word_1_171' title='bbox 2415 4075 2500 4110; x_wconf 87' lang='lat' dir='ltr'>eos</span> <span class='ocrx_word' id='word_1_172' title='bbox 2532 4060 2710 4123; x_wconf 84' lang='lat' dir='ltr'>dignos</span> 
     </span>
     <span class='ocr_line' id='line_1_25' title="bbox 610 4139 2711 4219; baseline 0.001 -16"><span class='ocrx_word' id='word_1_173' title='bbox 610 4154 920 4203; x_wconf 83' lang='lat' dir='ltr'>reddiderint</span> <span class='ocrx_word' id='word_1_174' title='bbox 937 4193 950 4213; x_wconf 89' lang='lat'>‚</span> <span class='ocrx_word' id='word_1_175' title='bbox 997 4157 1080 4217; x_wconf 87' lang='lat' dir='ltr'>qui</span> <span class='ocrx_word' id='word_1_176' title='bbox 1126 4158 1179 4206; x_wconf 81' lang='lat' dir='ltr'>in</span> <span class='ocrx_word' id='word_1_177' title='bbox 1226 4159 1462 4210; x_wconf 81' lang='lat' dir='ltr'>victoriae</span> <span class='ocrx_word' id='word_1_178' title='bbox 1506 4160 1820 4210; x_wconf 84' lang='lat' dir='ltr'>documentis</span> <span class='ocrx_word' id='word_1_179' title='bbox 1864 4139 2343 4219; x_wconf 80' lang='lat' dir='ltr'>commemorentur,</span> <span class='ocrx_word' id='word_1_180' title='bbox 2373 4156 2500 4207; x_wconf 87' lang='lat' dir='ltr'>mihi</span> <span class='ocrx_word' id='word_1_181' title='bbox 2534 4156 2711 4206; x_wconf 81' lang='lat' dir='ltr'>saltem</span> 
     </span>
     <span class='ocr_line' id='line_1_26' title="bbox 609 4250 2711 4319; baseline 0.002 -22"><span class='ocrx_word' id='word_1_182' title='bbox 609 4265 710 4298; x_wconf 86' lang='lat' dir='ltr'>non</span> <span class='ocrx_word' id='word_1_183' title='bbox 744 4250 929 4312; x_wconf 87' lang='lat' dir='ltr'>liquet,</span> <span class='ocrx_word' id='word_1_184' title='bbox 966 4264 1126 4314; x_wconf 88' lang='lat' dir='ltr'>neque</span> <span class='ocrx_word' id='word_1_185' title='bbox 1161 4253 1211 4300; x_wconf 88' lang='lat' dir='ltr'>in</span> <span class='ocrx_word' id='word_1_186' title='bbox 1249 4254 1520 4313; x_wconf 84' lang='lat' dir='ltr'>Boeckhii,</span> <span class='ocrx_word' id='word_1_187' title='bbox 1555 4268 1720 4319; x_wconf 86' lang='lat' dir='ltr'>neque</span> <span class='ocrx_word' id='word_1_188' title='bbox 1756 4256 1806 4302; x_wconf 91' lang='lat' dir='ltr'>in</span> <span class='ocrx_word' id='word_1_189' title='bbox 1846 4254 1971 4303; x_wconf 83' lang='lat' dir='ltr'>alius</span> <span class='ocrx_word' id='word_1_190' title='bbox 2017 4253 2241 4318; x_wconf 82' lang='lat' dir='ltr'>cujusvis</span> <span class='ocrx_word' id='word_1_191' title='bbox 2283 4253 2475 4317; x_wconf 82' lang='lat' dir='ltr'>scriptis</span> <span class='ocrx_word' id='word_1_192' title='bbox 2520 4253 2614 4302; x_wconf 84' lang='lat' dir='ltr'>hoc</span> <span class='ocrx_word' id='word_1_193' title='bbox 2649 4253 2711 4302; x_wconf 84' lang='lat' dir='ltr'>de</span> 
     </span>
     <span class='ocr_line' id='line_1_27' title="bbox 610 4344 2711 4411; baseline 0.001 -18"><span class='ocrx_word' id='word_1_194' title='bbox 610 4360 667 4394; x_wconf 79' lang='lat' dir='ltr'>re</span> <span class='ocrx_word' id='word_1_195' title='bbox 702 4344 967 4409; x_wconf 79' lang='lat' dir='ltr'>quicquam</span> <span class='ocrx_word' id='word_1_196' title='bbox 1003 4346 1210 4408; x_wconf 82' lang='lat' dir='ltr'>repperi.</span> <span class='ocrx_word' id='word_1_197' title='bbox 1284 4349 1346 4395; x_wconf 89' lang='lat' dir='ltr'>In</span> <span class='ocrx_word' id='word_1_198' title='bbox 1383 4348 1641 4398; x_wconf 86' lang='lat' dir='ltr'>tibicinum</span> <span class='ocrx_word' id='word_1_199' title='bbox 1676 4349 1853 4408; x_wconf 82' lang='lat' dir='ltr'>choro,</span> <span class='ocrx_word' id='word_1_200' title='bbox 1901 4350 1963 4399; x_wconf 83' lang='lat' dir='ltr'>dc</span> <span class='ocrx_word' id='word_1_201' title='bbox 1997 4364 2094 4411; x_wconf 88' lang='lat' dir='ltr'>quo</span> <span class='ocrx_word' id='word_1_202' title='bbox 2129 4348 2488 4398; x_wconf 86' lang='lat' dir='ltr'>Demosthenes</span> <span class='ocrx_word' id='word_1_203' title='bbox 2520 4349 2573 4397; x_wconf 85' lang='lat' dir='ltr'>in</span> <span class='ocrx_word' id='word_1_204' title='bbox 2616 4348 2711 4396; x_wconf 85' lang='lat' dir='ltr'>Mi·</span> 
     </span>
    </p>
   </div>
  </div>
 </body>
</html>
