3414 5176
1573 553 1654 623 41

579 783 1078 877 choragicorum
1170 777 1502 874 tripodum
1592 778 1680 848 ibi
1766 777 2231 850 collocatorum
2307 780 2673 853 multitudi-

574 961 767 1023 nem,
819 956 988 1030 quae
1045 932 1304 1004 Lenaeo
1362 933 1580 1005 vicina
1635 939 1796 1003 erat.
1901 932 2035 1003 Hae
2094 931 2426 1027 tripodum
2482 934 2673 1008 bases
2741 978 2746 984 ·

574 1098 642 1163 et
709 1086 1199 1185 magnificentia
1282 1092 1350 1156 et
1425 1086 1633 1157 forma
1715 1087 2108 1182 conspicuae
2201 1094 2426 1176 erant,
2495 1088 2669 1184 quod

574 1245 742 1316 duae
802 1262 1014 1336 usque
1065 1240 1147 1311 ad
1197 1240 1397 1335 hujus
1449 1240 1695 1312 saeculi
1749 1241 2012 1312 Initium
2062 1240 2361 1335 integrae
2421 1265 2677 1314 conser-

574 1405 765 1470 vatae
824 1392 1291 1505 ostendebant:
1339 1395 1544 1466 altera
1604 1393 1922 1489 quadrata
1990 1404 2132 1465 erat
2193 1395 2491 1467 aedicula
2543 1395 2675 1466 adi-

573 1559 718 1624 tum
770 1548 1084 1645 praehens
1126 1549 1195 1619 in
1241 1507 1540 1634 antrum}
1594 1549 1863 1644 insuper
1916 1549 2279 1619 etiamnum
2323 1550 2677 1645 conspicie-

571 1704 766 1776 batur
807 1703 1084 1799 pulcher
1124 1702 1413 1775 sedentis
1455 1702 1693 1774 Bacchi
1743 1709 2040 1775 truncus.
2121 1702 2483 1798 Antiquum
2511 1703 2674 1774 illud

571 1863 1075 1931 monumentum
1129 1855 1483 1928 Christiani
1536 1860 1604 1928 in
1655 1859 1761 1929 sui
1814 1857 2036 1929 cultus
2096 1880 2293 1927 usum
2342 1865 2677 1929 converte-

572 2020 759 2098 rant,
828 2013 1068 2107 quippe
1135 2011 1372 2105 quibus
1422 2034 1539 2106 pro
1590 2010 1834 2081 sacello
1885 2016 2064 2095 erat,
2118 2033 2247 2104 qua
2298 2032 2499 2081 causa
2551 2010 2677 2082 fac-

572 2173 718 2236 turn
785 2187 931 2235 esse
998 2163 1297 2249 videtur,
1361 2170 1435 2234 ut
1486 2169 1746 2235 servata
1797 2164 2014 2276 fuerit.
2118 2163 2192 2232 In
2242 2162 2453 2251 belle,
2504 2164 2678 2259 quod

574 2318 773 2412 hujus
823 2317 1070 2388 saeculi
1120 2317 1310 2387 initio
1352 2340 1506 2387 curn
1551 2272 1784 2388 Turcis
1836 2322 2183 2412 gesserunt
2232 2315 2493 2405 Graeci,
2536 2343 2677 2415 par-

575 2474 698 2543 tim
741 2471 1030 2542 deletum
1073 2475 1193 2540 est.
1299 2470 1634 2557 Alterum,
1688 2472 1862 2566 quod
1906 2471 2122 2543 adhuc
2163 2479 2463 2568 superest
2507 2473 2677 2544 aedi-

574 2626 834 2711 ficium,
904 2625 1068 2695 miro
1135 2624 1326 2695 modo
1395 2649 1433 2695 a
1483 2627 1725 2721 populo
1776 2626 2087 2722 Diogenis
2137 2627 2392 2698 laterna
2441 2649 2676 2722 cogno·

572 2782 897 2851 minatum
922 2835 937 2865 ,
1007 2778 1287 2852 rotunda
1355 2783 1458 2848 est
1518 2779 1817 2852 aedicula
1867 2780 2159 2875 undique
2209 2780 2473 2869 clausa,
2526 2789 2674 2857 octo

568 2934 892 3006 columnis
966 2933 1476 3028 elegantissimis
1542 2934 1985 3021 circumdata,
2071 2933 2388 3028 quadrata
2454 2936 2673 3008 nitens

567 3089 726 3159 basi.
825 3086 1182 3159 Columnae
1239 3088 1394 3157 illae
1453 3093 1718 3182 portant
1766 3093 2018 3158 tectum
2078 3087 2435 3159 rotundum
2494 3112 2674 3184 mag-

569 3265 730 3312 num
798 3241 865 3308 in
933 3241 1160 3312 florem
1227 3241 1572 3325 desinens,
1641 3241 1778 3333 qui·
1814 3240 1894 3310 ad
1945 3242 2163 3335 ipsum
2212 3240 2536 3338 tripodem
2586 3244 2674 3315 fe-

540 3367 845 3474 'rendum
941 3395 1309 3467 destinatus
1416 3395 1618 3466 fuisse
1707 3393 1987 3466 videtur.
2123 3394 2522 3492 Anaglypha‘
2602 3397 2670 3467 in

569 3552 862 3648 Zophoro
915 3550 1245 3622 elaborata
1297 3551 1651 3644 imaginem
1703 3548 1923 3618 ferunt
1975 3550 2334 3643 piratarum
2395 3548 2668 3644 Tyrrhe-

568 3729 799 3778 norum
852 3707 934 3777 ob
987 3705 1294 3799 injuriam
1345 3704 1601 3776 Baccho
1652 3701 1902 3772 illatam
1954 3703 2022 3773 in
2065 3702 2408 3799 delphinos
2457 3710 2667 3779 muta-

572 3866 805 3930 torum.
908 3861 1122 3955 Vulgo
1190 3861 1314 3931 hoc
1379 3861 1756 3930 nominatur
1822 3857 2243 3954 choragicum
2311 3859 2665 3956 Lysicratis

567 4020 1109 4103 monumentum,
1162 4016 1316 4110 quia
1368 4015 1704 4110 inscriptio
1747 4013 2071 4100 ostendit,
2123 4012 2489 4109 Lysicrate‚
2544 4013 2666 4111 Ly-

568 4169 846 4240 sithidae
898 4167 1064 4253 filio,
1110 4170 1430 4263 chorago,
1486 4170 1729 4241 tribum
1775 4167 2267 4238 Acamantidem
2311 4191 2663 4262 puerorum

567 4323 762 4394 choro
828 4323 1104 4406 vicisse,
1161 4323 1491 4394 Euacneto
1545 4323 1890 4408 archonte,
1945 4323 1984 4392 i.
2035 4345 2088 4391 e.
2146 4328 2231 4393 a0.
2290 4320 2430 4393 334
2483 4347 2537 4394 a.
2589 4323 2656 4394 C.
