3414 5176
1787 582 1818 599 ν

1784 582 1873 650 υἱ).

884 808 951 878 1η
1046 806 1300 878 duobus
1386 804 1691 879 Herodoti
1785 806 1946 877 locis
2035 809 2332 877 notiones
2400 808 2718 904 distingui
2797 811 2886 879 vi-

780 970 1052 1053 demus,
1137 969 1218 1039 de
1294 976 1484 1063 poeta
1558 967 2125 1064 dithyramborum
2200 970 2436 1040 Arione
2509 994 2717 1065 quum
2791 970 2884 1040 di·

774 1134 882 1200 cat
903 1128 988 1223 ¹):
1040 1136 1412 1223 διθύραμβον
1448 1138 1796 1214 ποιήσαντα
1841 1140 1947 1205 καὶ
1995 1134 2386 1215 διδάξαντα”
2435 1137 2504 1200 et
2543 1129 2626 1200 de
2676 1129 2881 1225 Phry-

772 1285 969 1360 nicho
995 1289 1082 1382 ²):
1136 1295 1744 1385 (ὑπεραχθεσθέντες)
1795 1298 2115 1372 ποιήσαντι
2175 1297 2450 1379 Φρυνίχῳ
2496 1297 2710 1378 δρᾶμα
2752 1306 2879 1361 Μι-

767 1457 957 1532 λήτου
1003 1453 1237 1520 ἅλωσιν
1281 1455 1387 1520 καὶ
1435 1454 1825 1534 διδάξωντι.”

869 1606 1339 1701 Aristophanes
1412 1617 1641 1681 contra
1716 1609 1986 1681 vocibus
2055 1615 2308 1689 ποιητής
2377 1615 2445 1678 et
2510 1614 2879 1686 διδάσκαλος

772 1769 1139 1864 promiscue
1208 1769 1307 1839 uti
1367 1768 1650 1856 videtur,
1727 1770 1902 1866 quod
1968 1791 2046 1839 eo
2105 1767 2470 1863 impensius
2528 1770 2876 1854 miramur,

772 1951 901 2023 quo
932 1906 943 1917 ⁶
978 1928 1384 2000 luculentius
1458 1929 1727 2023 praebet
1804 1932 1947 2026 ipse
2013 1929 2427 2024 exemplum,
2504 1928 2871 2000 fabularum

764 2094 1022 2183 poetam
1116 2111 1194 2160 ac
1266 2088 1672 2161 didascalum
1748 2115 1878 2162 non
1960 2112 2218 2185 semper
2294 2088 2577 2160 eundem
2646 2090 2867 2161 fuisse.

764 2248 1043 2320 Fabulas
1134 2252 1349 2337 enim,
1438 2273 1602 2344 quas
1692 2251 1976 2336 fecerat,
2070 2252 2455 2346 plerumque
2545 2247 2866 2318 Philonidi

765 2415 881 2479 aut
941 2407 1316 2480 Callistrato
1375 2409 1725 2481 chororum
1778 2412 2113 2505 magistris
2162 2410 2489 2483 docendas
2538 2431 2691 2479 eum
2740 2415 2868 2480 tra-

765 2568 1008 2642 didisse
1074 2574 1355 2641 constat.
1458 2569 1529 2639 ln
1607 2568 2130 2643 Acharnensium
2195 2594 2253 2641 e.
2295 2595 2358 2664 g.
2415 2567 2711 2664 pal-abasi
2762 2594 2857 2641 vs,

761 2728 899 2799 627
954 2732 1248 2802 comicus
1297 2731 1379 2802 de
1420 2754 1491 2802 se
1541 2732 1728 2826 ipso:

804 2892 963 2970 »Ἐξ
983 2888 1052 2957 οὗ
1076 2916 1156 2970 γε
1178 2899 1443 2974 χοροῖσιν
1464 2890 1804 2973 ἐφέστηκεν
1826 2899 2132 2972 τρυγικοῖς
2154 2895 2184 2954 ὁ
2208 2889 2575 2962 διδάσκαλος
2600 2887 2843 2968 ἧμῶν”.

762 3049 992 3122 Paullo
1043 3049 1235 3137 infra,
1288 3073 1383 3121 vs.
1431 3048 1617 3119 632:

800 3210 1034 3295 »φησὶν
1058 3211 1109 3275 δ’
1134 3206 1287 3276 εἶναι
1312 3218 1553 3277 πολλῶν
1576 3213 1826 3290 ἀγαθῶν
1849 3209 2043 3283 αἴτιος
2070 3207 2213 3287 ὑμῖν
2238 3210 2266 3272 ὃ
2292 3206 2621 3284 ποιητής.”
2643 3207 2693 3293 ³)

759 3368 934 3438 Idem
987 3369 1055 3438 in
1109 3367 1421 3462 Equitum
1474 3365 1795 3462 parabasi,
1846 3391 1942 3438 vs.
1990 3364 2177 3436 507:

799 3531 912 3595 »Ei
936 3529 1051 3608 μέν
1073 3552 1166 3602 τις
1191 3529 1338 3608 ἀνὴρ
1363 3534 1480 3594 τῶν
1502 3526 1780 3609 ἀρχαίων
1803 3525 2419 3609 κωμῳδοδιδάσκαλος
2443 3528 2610 3606 ἡμᾶς

804 3687 1199 3768 ννῆνοὲγκοιζεν
1221 3687 1515 3763 λέξοντας
1543 3685 1658 3763 ἔπη
1683 3690 1827 3769 πρὸς
1851 3687 1921 3751 τὸ
1947 3685 2189 3769 θέατρον
2214 3683 2602 3767 παραβῆναι,

815 4071 864 4133 1)
921 4068 1042 4118 vid.
1077 4067 1270 4118 Herod.
1306 4067 1360 4128 1,
1397 4072 1478 4118 20.
1731 4068 1785 4134 2)
1841 4069 1962 4119 Vid.
1998 4069 2191 4119 Herod.
2231 4068 2342 4128 VI,
2377 4072 2458 4117 21.

807 4165 862 4228 3)
913 4163 1028 4214 Hoc
1058 4171 1229 4216 tamen
1256 4166 1367 4215 loco
1391 4166 1498 4217 fieri
1523 4179 1668 4231 posse
1690 4166 1818 4216 mihi
1842 4167 2055 4227 videtur,
2083 4172 2142 4215 ut
2165 4165 2364 4218 diversa
2390 4167 2598 4216 nomina
2626 4168 2691 4216 ab
2709 4165 2849 4216 Aris-

756 4260 973 4324 tophane
1006 4261 1070 4311 dc
1107 4263 1351 4313 industria
1381 4270 1617 4329 usurpata
1648 4263 1776 4325 sint,
1820 4263 1891 4313 ita
1920 4270 1978 4313 ut
2008 4264 2162 4313 verba
2199 4261 2267 4310 ἀὖ
2301 4262 2640 4320 διδάσκαλος
2668 4262 2854 4327 ἤμῶν”

754 4358 817 4408 ad
853 4355 1191 4411 Callistratum
1228 4362 1534 4425 pertineant,
1569 4363 1655 4427 qui
1687 4361 2093 4413 Acharnensium
2121 4362 2342 4414 fabulam
2368 4363 2591 4414 docuisse
2614 4362 2851 4421 traditum
